3586 5260
830 400 1039 467 -LXXII
1088 439 1123 452 -

395 581 480 643 verba
498 580 575 642 dctis
597 580 627 640 in
651 579 793 661 excerptis
816 587 927 640 servata
950 579 1001 641 sed
1024 579 1060 641 ab
1082 579 1273 660 epitomatore
1292 581 1355 663 ipso
1371 591 1482 645 mutata
1497 603 1561 646 esse

395 692 475 765 patet
498 683 545 762 (ut
564 682 587 743 Ε
606 682 725 760 28.1⁰l·
760 681 943 744 scholiorum
971 682 1098 744 Theonis
1124 691 1154 744 et
1179 684 1285 746 veteris
1311 685 1561 766 interpretationis

395 787 555 869 dpbthonii
578 805 626 848 eas
641 793 748 866 partes,
771 784 801 845 in
817 805 889 865 quas
904 785 1053 866 Epitomes
1069 796 1220 868 praecepta
1235 788 1385 850 brevitatis
1399 791 1562 871 perspicui·

396 892 464 952 tatis
475 888 674 952 credibilitatis
689 891 749 948 lere
764 896 868 949 cuncta
885 888 1075 969 transscripta
1087 899 1165 962 sunt,
1181 889 1289 952 codicis
1301 892 1393 953 instar
1405 893 1561 955 babuimus

395 1011 554 1072 earumque
569 992 662 1053 varias
677 992 816 1054 lectiones
831 992 1128 1055 commemoravimus
1143 993 1271 1074 exceptis
1286 994 1337 1066 eis,
1353 1015 1426 1074 quas
1441 997 1561 1058 consilio

395 1095 529 1173 genuinis
540 1094 690 1175 Epitomes
705 1093 801 1156 verbis
818 1094 991 1156 substitutas
1007 1115 1071 1158 esse
1087 1097 1362 1160 demonstravimus.
1393 1099 1447 1161 bac
1460 1100 1561 1162 lectio·

395 1216 467 1259 num
482 1200 621 1260 varietate
641 1198 816 1278 perlustrata
833 1198 1017 1278 intellegitur,
1041 1220 1114 1280 quac
1129 1202 1204 1263 ratio
1219 1201 1250 1262 in
1265 1201 1452 1263 recensendis
1466 1202 1562 1264 verbis

396 1301 503 1362 codicis
516 1300 710 1362 Padhibenda
726 1301 773 1361 sit.
797 1300 967 1363 adferantur
978 1321 1003 1362 e.
1017 1319 1043 1380 g.
1055 1301 1141 1362 verba
1158 1301 1225 1362 εἰσι
1240 1310 1269 1363 et
1284 1298 1440 1363 δύνανται
1453 1301 1476 1362 Ε
1490 1303 1528 1362 14
1537 1335 1563 1372 20

395 1404 425 1464 in
441 1403 463 1463 P
481 1403 594 1476 tradita,
611 1422 664 1484 pro
679 1404 787 1484 quibus
802 1405 878 1484 apud
895 1405 935 1466 Α]
950 1402 1019 1467 ἐστι
1035 1414 1066 1466 et
1080 1399 1218 1467 δύναται
1233 1403 1348 1483 legitur.
1392 1405 1459 1466 inde
1474 1406 1563 1466 colle·

396 1505 502 1586 gimus,
525 1505 693 1586 ubicunque
715 1507 746 1568 in
762 1507 784 1567 P
800 1526 867 1568 cum
890 1508 995 1588 plurali
1017 1507 1148 1569 nominis
1164 1508 1278 1586 generis
1294 1509 1428 1571 neutrius
1443 1509 1562 1589 plurabs

396 1609 476 1672 verbi
492 1609 687 1689 coniungitur,
707 1610 786 1671 bunc
801 1611 1004 1691 corrigendum
1022 1631 1119 1692 neque
1134 1614 1357 1693 epitomatorem
1374 1611 1411 1673 ita
1429 1631 1563 1692 peccasse

396 1713 558 1796 putandum
576 1732 649 1774 esse.
680 1722 780 1775 contra
797 1714 854 1776 duo
869 1714 1075 1777 Demosthenis
1089 1715 1144 1776 loci
1161 1714 1184 1775 E
1198 1715 1237 1776 16
1252 1747 1274 1788 ⁶,
1291 1713 1372 1786 1815,
1386 1715 1437 1794 qui
1451 1724 1481 1776 et
1495 1715 1525 1776 in
1541 1716 1564 1776 P

397 1826 427 1878 et
441 1817 517 1898 apud
530 1816 571 1877 aJ
581 1815 780 1893 inveniuntur,
797 1818 915 1880 hicnon
930 1819 1027 1881 minus
1040 1819 1181 1881 decurtati
1193 1818 1381 1900 corruptique
1393 1828 1464 1880 sunt
1475 1837 1563 1900 quam

395 1920 461 1982 illic.
494 1921 590 2000 itaque
613 1941 679 1982 cum
696 1922 850 2003 Epitomen
867 1925 954 1985 verba
976 1943 1012 1985 en
1027 1921 1242 2002 antiquioribus
1258 1921 1450 2001 scriptoribus
1465 1923 1563 1985 indea

396 2025 563 2106 Thucydide
586 2044 680 2106 usque
702 2027 736 2088 ad
753 2027 924 2108 Dionysium
947 2028 1039 2089 adlata
1055 2026 1136 2088 nullo
1152 2035 1284 2106 tempore
1299 2025 1496 2087 emendatiora
1512 2046 1563 2088 ex·

397 2128 526 2190 hibuisse
549 2128 635 2190 nobis
651 2147 824 2209 persuasum
842 2132 888 2203 sit,
911 2149 998 2210 quam
1015 2129 1102 2190 bodie
1116 2129 1146 2189 in
1163 2128 1185 2188 P
1202 2136 1310 2199 entant,
1334 2147 1393 2190 non
1409 2129 1564 2191 emendare

397 2231 574 2304 studuimus,
587 2251 661 2311 quae
673 2233 759 2294 etiam
773 2233 803 2294 in
815 2234 947 2315 ipsorum
961 2242 1112 2295 auctorum
1126 2232 1208 2293 libris
1220 2233 1426 2314 manuscriptis
1438 2243 1562 2296 aetatem

397 2335 536 2408 tulerunt,
552 2335 603 2396 sed
620 2355 652 2397 ea
668 2344 793 2406 tantum,
810 2357 883 2417 quae
898 2338 966 2399 alibi
981 2355 1040 2398 non
1056 2336 1222 2397 traduntur.

481 2439 630 2511 Quantum
653 2444 782 2502 fructum
806 2460 821 2502 e
844 2441 980 2502 codiceP
1003 2442 1100 2503 denuo
1116 2458 1239 2500 excusso
1254 2438 1481 2520 perceperimus,
1503 2458 1562 2500 non

398 2561 555 2622 cognosces
577 2544 634 2606 nisi
656 2544 814 2606 editionem
837 2554 966 2607 nostram
991 2563 1058 2606 cum
1076 2544 1251 2623 Segueriana
1271 2541 1438 2603 contuleris.
1469 2561 1563 2622 neque

398 2645 486 2720 enim,
510 2646 560 2708 ubi
583 2648 723 2729 quaedam
740 2648 825 2710 verba
847 2668 862 2709 a
880 2648 1018 2728 Segucrio
1034 2647 1239 2728 praetermissa
1254 2645 1419 2726 recepimus
1435 2655 1464 2707 et
1478 2648 1564 2708 talsas

398 2750 461 2810 eius
486 2749 626 2812 lectiones
649 2752 838 2823 correximus,
866 2752 954 2814 huius
977 2752 1019 2814 rei
1041 2751 1220 2812 mentionem
1244 2750 1379 2812 lecimus.
1425 2751 1563 2812 omnibus

398 2861 495 2915 autem
518 2854 599 2926 loeis,
622 2856 730 2936 quibus
746 2856 903 2936 Seguerius
921 2866 956 2918 ut
971 2856 1096 2936 genuina
1111 2855 1261 2935 Epitomes
1276 2854 1363 2916 verba
1378 2857 1509 2917 restituit
1523 2855 1562 2916 ita

397 2956 483 3018 verba
499 2959 529 3020 in
546 2958 643 3021 codice
658 2969 794 3041 corrupta
810 2979 948 3022 essenon
966 2959 1046 3032 dixit,
1062 2977 1176 3020 errores
1192 2957 1327 3019 codicisa
1341 2958 1480 3038 Segucrio
1491 2959 1562 3020 sub-

396 3064 470 3126 latos
486 3085 550 3127 esse
565 3064 767 3126 adnotavimus
784 3065 830 3144 (ut
845 3064 868 3124 Ε
884 3065 961 3135 1412,
978 3063 1016 3123 21
1033 3070 1068 3141 4).
1098 3062 1246 3124 nonnullis
1261 3062 1341 3135 locis,
1356 3063 1463 3142 quibus
1476 3063 1562 3124 dubi-

397 3168 452 3228 tari
474 3175 580 3248 potest,
603 3187 639 3229 an
657 3167 813 3246 Segucrius
828 3167 968 3228 lectiones
983 3167 1101 3239 codicis,
1124 3185 1199 3246 quae
1214 3165 1301 3227 nobis
1317 3185 1348 3227 se
1363 3174 1441 3228 recte
1456 3167 1562 3228 babere

397 3271 542 3346 videntur,
560 3271 681 3333 consilio
694 3271 798 3332 tacitus
811 3271 976 3343 mutaverit,
992 3270 1122 3350 Seguerii
1134 3270 1273 3332 lectiones
1284 3270 1368 3350 quasi
1379 3270 1562 3332 coniecturas

397 3375 556 3438 adtulimus
569 3380 615 3454 (ut
626 3375 649 3436 Ε
661 3376 721 3449 92⁷,
734 3374 773 3436 37
782 3377 817 3454 a).
841 3393 908 3436 nam
922 3374 1166 3446 coniecturarum,
1178 3392 1253 3452 quae
1264 3372 1348 3434 nobis
1361 3373 1562 3446 innotuerunt,

397 3475 471 3538 ullas
494 3479 629 3540 omittere
645 3478 728 3540 veriti
752 3480 883 3552 sumus¹,
908 3497 974 3540 cum
998 3478 1025 3538 id
1043 3487 1251 3558 spectaremus,
1274 3486 1308 3538 ut
1322 3476 1449 3538 editione
1464 3487 1562 3537 nostra

397 3581 559 3641 necessaria
589 3583 721 3662 supellex
749 3582 847 3644 critica
875 3582 916 3643 eis
940 3582 1185 3663 suppeditaretur,
1214 3600 1289 3660 quos
1311 3599 1416 3660 magno
1439 3599 1562 3642 numero

397 3682 528 3744 locorum
559 3685 691 3746 nondum
719 3694 888 3747 sanatorum
912 3685 1137 3748 emendatricem
1163 3704 1281 3746 manum
1305 3684 1476 3746 admoturos
1498 3703 1562 3745 esse

399 3804 552 3866 speramus
575 3789 684 3850 maiore
707 3808 793 3868 quam
819 3808 873 3850 nos
894 3789 1021 3869 ingenio.

467 4013 569 4066 1δοίοο
593 4030 637 4066 eas
662 4018 834 4080 coniecturas,
860 4032 921 4082 quas
944 4025 1029 4069 rectas
1052 4032 1108 4068 esse
1131 4016 1218 4067 codice
1237 4015 1255 4065 P
1279 4023 1323 4066 ant
1345 4016 1473 4082 excerptis
1496 4031 1562 4065 eom-

398 4081 532 4147 probatnm
550 4090 596 4143 est,
615 4092 641 4134 et
658 4100 710 4149 eas,
731 4101 793 4150 quaa
810 4087 841 4134 od
854 4087 931 4136 verba
945 4102 973 4136 ox
986 4085 1173 4151 antiquioribus
1186 4085 1331 4135 auctoribus
1343 4085 1426 4134 adlata
1440 4090 1562 4150 spectant,

400 4151 551 4202 omittendas
578 4154 726 4204 censuimus.
762 4169 795 4204 cx
817 4155 911 4204 ceteris
934 4155 995 4204 duas
1018 4157 1072 4204 suis
1096 4154 1160 4204 locis
1184 4168 1377 4203 commemorare
1396 4153 1561 4216 negleximus.

399 4216 530 4336 qllaoysmns
550 4221 615 4271 anim
634 4221 654 4270 Ε
671 4223 727 4277 184
744 4212 853 4290 ἀλόγοις
871 4224 896 4274 in
914 4217 1072 4292 ἀλλοτρίοις,
1092 4223 1285 4293 21οτριηρίιη
1304 4221 1328 4271 in
1346 4223 1463 4292 πυαρίτη
1474 4220 1561 4286 (Vesp.

450 4291 461 4350 )
479 4289 572 4338 motari
591 4289 673 4341 iussit.

876 4433 1087 4442 -———--—-
