3590 5262
719 409 945 473 ,χν-

250 598 304 664 est,
327 588 497 670 particulam
522 606 587 650 esse
602 585 739 660 vidimus,
762 607 836 669 quae
859 571 894 650 ex
910 586 988 650 Artis
1011 586 1155 668 excerptis
1170 593 1295 658 constat,
1317 585 1354 644 W
1369 585 1419 646 Vll

252 693 313 756 729
329 691 459 768 ογ--730
473 692 510 762 ςῙ.

493 793 530 855 W
545 793 596 856 Vll
612 792 674 856 729
690 823 771 865 Μ
854 820 889 846 ==
907 793 930 854 li
952 796 970 868 8
986 791 1026 854 52

494 896 530 958 W
545 896 596 958 Vll
613 897 675 959 729
691 895 806 968 ,2-730
822 928 834 966 ε
849 895 929 962 =1t
951 899 988 972 §S
1005 898 1075 970 119,
1094 896 1154 959 120

493 999 530 1061 W
545 1000 595 1061 Vll
611 1000 672 1064 730
687 1031 741 1071 με
849 1000 931 1062 =li
952 1002 989 1075 ἐξ
1007 998 1077 1073 127,
1095 999 1155 1062 128

252 1104 321 1170 tinis
349 1103 542 1178 narrationis,
568 1122 627 1184 quo
658 1103 729 1166 hacc
756 1122 825 1183 pars
847 1103 1005 1166 inchoator
1027 1104 1063 1164 W
1078 1103 1129 1164 llll
1145 1101 1206 1164 729
1222 1131 1247 1171 ω
1270 1097 1421 1184 διήγησίς

252 1206 341 1272 ἐστιν
368 1204 502 1281 indecor
531 1203 735 1288 πραγμάτων
755 1203 937 1284 γεγονότων
959 1203 978 1290 ἢ
1001 1201 1044 1279 ὠς
1066 1201 1249 1284 γεγονότων
1269 1204 1420 1286 Epitomae

252 1310 334 1372 deest
366 1329 462 1391 nequa
495 1329 562 1376 cum
597 1309 649 1384 eis,
676 1310 804 1390 quaein
829 1309 952 1374 Scholiis
975 1328 1042 1373 eom
1067 1317 1243 1389 sequuntur,
1267 1307 1419 1388 congruit3

250 1431 318 1476 narn
353 1413 404 1476 tini
437 1412 565 1496 γενικῆς
599 1409 790 1496 διηγήσεως,
824 1414 986 1477 secundum
1020 1432 1108 1494 quem
1143 1411 1305 1474 narrationi
1332 1410 1419 1473 etiarn

250 1517 415 1582 enuntiatio
436 1515 635 1599 praesentium
659 1525 688 1578 et
709 1519 876 1582 futurarum
894 1537 994 1580 rerum
1010 1517 1122 1586 subest,
1146 1523 1298 1597 repugnat.
1322 1523 1420 1576 tamen

251 1639 319 1684 eum
342 1639 409 1686 curn
433 1619 538 1684 ceteris
562 1638 597 1680 ex
617 1620 688 1684 arte
710 1620 917 1703 depromptum
934 1629 1082 1704 putamus,
1106 1637 1173 1682 cum
1197 1637 1264 1682 eum
1281 1617 1317 1682 ed
1331 1618 1420 1681 alium

249 1724 347 1787 locum
371 1724 450 1788 Artis
472 1723 547 1786 hene
568 1723 712 1804 quadrare
735 1724 931 1790 demonstrari
952 1724 1056 1806 possit.

337 1826 369 1888 ln
386 1826 482 1908 primo
498 1827 624 1907 denique
640 1837 720 1890 tomo
736 1828 931 1902 Scholioruur,
947 1830 999 1907 qui
1011 1825 1204 1907 Hermogenis
1218 1825 1254 1886 de
1269 1824 1421 1906 prooemio

251 1929 413 2010 praeceptis
445 1929 682 2011 interpretationi
715 1939 770 2004 est,
804 1931 859 1993 tria
889 1940 1023 2012 excerpta
1046 1931 1125 1994 Artis
1148 1928 1419 2011 deprehenduntur,

253 2051 328 2110 quae
350 2033 380 2094 in
402 2051 546 2114 anonyma
561 2032 799 2113 Prolegomenal
822 2053 941 2115 quoque
961 2043 1077 2115 recepta
1093 2042 1171 2096 sunt.
1208 2032 1326 2094 initium
1342 2031 1420 2094 enim

254 2133 440 2200 Scholicrum
454 2135 548 2197 WVll
564 2135 625 2197 697
640 2167 694 2207 5-,
715 2135 994 2217 Prolegomenorum
1018 2137 1177 2218 particulae
1187 2134 1327 2197 writer
1343 2165 1421 2206 ,ΜΟ

254 2255 376 2317 prorsus
399 2257 452 2319 par
474 2248 528 2313 est,
551 2239 602 2300 sed
625 2239 794 2301 adverbium
818 2243 936 2323 κυρίως
959 2259 987 2321 p.
1003 2240 1043 2302 52
1059 2271 1094 2314 ιο,
1117 2238 1195 2318 quod
1218 2247 1331 2300 rectum
1355 2256 1420 2300 esse

252 2340 316 2402 loco
337 2342 438 2414 1311,
460 2342 663 2417 confirmatur,
695 2362 724 2425 p.
744 2343 834 2414 oar,
855 2343 886 2404 in
910 2343 1029 2416 κοινῶς
1050 2351 1221 2423 corruptum
1245 2349 1299 2403 est.
1343 2340 1422 2403 Artis

253 2443 288 2505 de
305 2444 419 2508 actione
435 2444 577 2526 prooemii
593 2455 779 2528 praeceptum
797 2455 827 2510 et
837 2446 929 2510 WVll
942 2449 1024 2520 715,
1037 2454 1066 2509 et
1080 2444 1177 2506 WVlI
1193 2444 1278 2516 521,
1293 2445 1372 2506 Artis
1387 2444 1423 2506 de

253 2546 417 2610 elocutione
431 2547 574 2628 prooemii
589 2559 776 2631 praeceptum
793 2561 823 2612 et
837 2549 929 2613 WVll
941 2550 1003 2612 716
1018 2579 1039 2623 γ,
1056 2550 1078 2609 V
1094 2548 1156 2612 382
1173 2581 1184 2618 ς
1197 2556 1226 2610 et
1240 2547 1277 2609 W
1287 2549 1337 2610 VH
1349 2548 1389 2608 52
1397 2581 1421 2618 n

252 2651 392 2716 adfertur.
430 2653 509 2731 quod
533 2652 648 2715 Scholia
670 2653 786 2733 plenius
808 2672 896 2733 qnam
912 2654 1122 2734 Prolegcmena
1144 2653 1291 2726 exhibent,
1315 2653 1366 2714 sed
1389 2652 1421 2713 in

250 2753 308 2819 illis
338 2755 426 2822 rerha
453 2756 541 2818 huius
570 2756 727 2837 praecepti,
751 2757 845 2836 qualia
871 2757 903 2818 in
925 2757 996 2821 Arte
1018 2766 1112 2830 erant,
1147 2757 1238 2837 magis
1272 2773 1360 2835 quarn
1388 2754 1419 2815 in

251 2856 471 2938 Prolegomenis
494 2858 623 2921 mutata²
648 2869 677 2922 et
699 2859 848 2934 ordinem,
871 2878 959 2939 quem
983 2861 1040 2923 duo
1063 2867 1193 2922 extrema
1216 2868 1368 2940 praecepta
1390 2858 1421 2920 in

253 2961 322 3022 Arte
348 2961 547 3040 sequebantur
575 2971 604 3024 et
634 2963 665 3024 in
691 2962 911 3043 Prolegomenis
940 2963 1084 3038 serrant⁸,
1115 2964 1323 3044 perturbatum
1356 2980 1422 3024 esse

255 3072 378 3128 constat.
423 3065 503 3129 Artis
525 3085 595 3146 ergo
617 3077 762 3148 excerpta,
792 3086 868 3148 quae
897 3067 1021 3130 Scholiis
1045 3076 1074 3131 et
1096 3066 1315 3146 Prolegomenis
1338 3083 1421 3128 com·

255 3167 354 3229 munia
370 3177 449 3244 sunt,
472 3187 531 3231 uon
547 3188 581 3232 ex
605 3170 694 3236 altero
717 3188 804 3251 opere
818 3171 850 3233 in
865 3172 990 3233 alterum
1006 3171 1198 3252 transscripta
1213 3178 1292 3232 sunt.
1326 3187 1421 3248 neque

255 3279 352 3330 autem
375 3271 530 3351 utriusque
552 3273 648 3352 operis
671 3283 773 3338 auctor
794 3275 866 3338 haec
887 3275 923 3336 ah
939 3275 1009 3339 Arte
1024 3275 1087 3356 ipsa
1102 3274 1242 3356 repetisse
1258 3272 1421 3335 credendus

254 3380 309 3445 est,
331 3373 397 3451 quia
419 3375 451 3436 in
465 3374 534 3436 Arte
558 3374 613 3438 tria
635 3377 786 3442 enuntiata
801 3378 837 3438 W
852 3377 902 3441 ru
918 3378 959 3440 52
974 3409 1053 3449 Μ
1066 3405 1109 3432 =
1123 3379 1185 3441 697
1201 3409 1255 3450 5-9
1277 3374 1357 3438 haud
1380 3374 1420 3437 ita

254 3474 407 3538 coniuncta
436 3487 529 3542 erant
583 3480 773 3560 relinquitur,
805 3490 839 3543 ut
865 3482 1008 3547 vetustior
1036 3482 1197 3545 Scholiasta
1225 3478 1417 3558 Hermogenis

254 3578 290 3642 de
316 3578 382 3640 Jnv.
409 3578 562 3656 librorum,
589 3583 642 3663 qui
670 3585 707 3648 ad
733 3585 883 3648 condenda
914 3604 1059 3668 anonyma
1083 3585 1199 3649 Scholia
1225 3592 1255 3645 et
1276 3599 1421 3663 anonyma

322 3815 332 3850 ¹
350 3815 420 3867 lianc
437 3824 535 3883 partem
553 3835 567 3869 a
585 3819 731 3887 Doropotro
755 3830 881 3888 receptum
899 3821 942 3884 (cl.
962 3824 1017 3873 adn.
1030 3821 1069 3873 xl
1082 3826 1105 3884 et
1124 3822 1150 3871 in
1168 3821 1265 3872 codicis
1284 3821 1341 3871 Par.
1354 3820 1420 3872 2922

254 3882 297 3935 iol.
310 3885 343 3934 92
366 3886 518 3937 deteximus.
552 3887 596 3938 uhi
620 3889 713 3940 similis
735 3893 881 3956 corruptela
904 3899 963 3942 note
986 3899 1026 3942 est
1047 3897 1122 3958 atque
1145 3891 1170 3940 in
1196 3890 1283 3942 codice
1307 3889 1326 3939 P
1346 3889 1420 3940 1874.

254 3953 450 4005 homoioteleuto
473 3955 540 4005 enim
562 3956 682 4022 deceptus
700 3959 785 4009 scriba
804 3958 892 4023 verba,
910 3975 973 4026 quae
991 3961 1060 4010 inter
1079 3957 1231 4027 ἀπαγγελία
1250 3955 1423 4026 πραγμάτων

255 4022 287 4072 W
302 4021 346 4072 Vll
364 4022 414 4074 729
426 4037 452 4080 ao
470 4030 497 4074 ct
513 4027 700 4094 γεγενημένων
717 4027 766 4078 729
778 4042 805 4082 οι
822 4029 949 4092 leguntur,
968 4028 1062 4080 omisit.

321 4089 332 4122 ²
349 4090 541 4153 Prolessorneois
553 4093 627 4144 Artis
645 4094 724 4146 verba
741 4097 845 4162 puriora
864 4097 990 4148 contineri
1007 4097 1097 4148 horum
1114 4111 1169 4147 cum
1186 4095 1303 4162 Epitoma
1321 4109 1422 4161 compa·

254 4159 353 4213 ratione
381 4163 540 4226 perspicuum
567 4168 615 4214 est.
650 4170 677 4214 et
699 4164 733 4216 W
752 4163 798 4216 Vll
815 4164 890 4219 5211
913 4172 941 4217 et
962 4165 982 4216 tt
1002 4164 1061 4219 llio
1088 4164 1185 4228 legitur
1211 4163 1340 4235 ἑρμηνεία
1366 4164 1421 4225 (vel

253 4220 364 4348 xpiane)
382 4225 545 4304 ἀπερίεργος
562 4227 657 4294 ἔστω,
676 4248 781 4299 quorum
793 4235 928 4284 verborum
946 4234 1002 4285 loco
1015 4233 1041 4283 in
1054 4233 1166 4286 Scholiis
1178 4229 1228 4298 τὴν
1240 4231 1269 4285 δὲ
1280 4231 1423 4303 ἑρμηνείαν

270 4309 312 4346 ει.
327 4333 333 4346 .
346 4334 353 4350 .
365 4293 530 4368 ἀπερίεργον
546 4295 615 4352 εἶναι
632 4301 756 4367 scriptum
774 4308 822 4354 ott.

321 4363 375 4416 ³ln
397 4366 462 4418 Arte
489 4376 651 4434 praeceptum
673 4371 798 4436 prooemii
823 4371 933 4424 actionis
957 4377 1090 4436 praecepto
1117 4370 1240 4435 prooemii
1267 4369 1421 4422 elocutionis

255 4435 429 4486 continuatum
447 4450 503 4487 esse
522 4451 553 4487 ex
571 4436 703 4504 Epitomes
722 4439 865 4506 praeceptis
883 4437 988 4506 88187,
1009 4439 1057 4490 197
1076 4439 1229 4502 colligimus.
