3590 5262
830 322 1061 386 „XL-

362 504 524 566 mosthenis
547 503 689 564 scholium
711 503 745 563 ad
763 521 804 564 or.
822 503 862 562 54
885 505 903 576 ς
920 503 935 561 1
960 501 1153 580 comparanda
1169 510 1247 562 sunt.
1291 519 1349 580 qua
1364 519 1395 560 re
1411 500 1441 562 in
1456 501 1526 580 Epi-

362 617 441 669 toma
457 615 570 668 rectum
594 605 726 667 ordinem
750 606 876 667 duorum
900 603 1072 665 ultimorum
1099 613 1320 684 praeceptorum
1344 603 1414 678 210,
1430 637 1456 676 ις
1478 605 1527 665 in-

362 729 490 782 versum,
514 708 669 789 genuinam
693 707 938 789 praepositionem
963 701 1031 769 άπὸ
1055 726 1171 788 semper
1192 708 1223 768 in
1246 704 1281 768 ἐκ
1304 716 1333 768 et
1354 707 1441 769 verba
1463 703 1527 790 ἀφ’

362 809 480 875 ἑαυτοῦ
503 811 548 872 bis
571 811 668 884 23,10
695 813 724 872 in
754 806 822 872 ἀπὸ
845 810 903 872 τοῦ
927 805 1028 872 αὐτοῦ
1050 819 1174 884 mutata,
1197 811 1327 891 exempla
1350 810 1477 872 breviata
1499 819 1527 872 et

362 918 480 980 titulum
513 915 601 977 unius
624 915 763 976 orationis
785 914 847 984 220
868 915 1012 976 omissum
1042 933 1106 975 esse
1128 914 1284 993 intelleges.
1343 922 1411 976 ante
1432 913 1528 987 verba,

284 1077 286 1082 .
362 1039 437 1101 quae
458 1019 482 1079 E
504 1017 556 1094 §8
579 1019 724 1098 leguntur,
759 1019 842 1098 plura
876 1017 1079 1098 praetermissa
1113 1036 1177 1078 esse
1209 1016 1308 1096 liquet.
1364 1016 1528 1096 dequibus

365 1123 440 1186 nibil
462 1123 530 1184 seiri
551 1129 649 1203 potest
671 1120 728 1182 nisi
750 1121 781 1182 in
811 1122 852 1183 eis
875 1122 910 1182 de
933 1120 1090 1202 prooemiis
1112 1129 1210 1182 actum
1234 1138 1307 1193 esse,
1330 1139 1403 1198 quae
1424 1140 1441 1206 a
1464 1121 1530 1200 qni·

365 1227 487 1288 busdam
504 1223 723 1304 περιστατικά
736 1224 974 1285 nominabantur.
1012 1225 1067 1285 boc
1086 1223 1205 1285 nomine
1226 1232 1304 1284 certe
1324 1242 1357 1285 ea
1371 1225 1529 1304 prooemia,

364 1349 438 1410 quae
460 1326 528 1390 άπὸ
551 1328 613 1389 τῶν
634 1327 875 1410 περιστατικῶν
896 1325 1099 1409 λαμβάνεται
1124 1330 1171 1402 (cl.
1194 1326 1231 1386 W
1245 1326 1295 1387 Vss
1310 1326 1350 1388 67
1367 1325 1415 1405 τι),
1439 1326 1530 1405 signi-

364 1432 534 1494 ficabantnr.
559 1431 700 1511 suspicari
712 1431 801 1510 igitur
812 1430 880 1492 licet
891 1429 1306 1510 aCornutorlpollodoreorum
1323 1430 1359 1490 de
1373 1429 1530 1510 prooemiis

364 1534 503 1596 iaciendis
518 1543 672 1615 praecepta
687 1535 743 1596 boc
762 1536 825 1596 loco
841 1535 945 1597 tradita
961 1553 1034 1595 esse.
1072 1549 1139 1595 nam
1156 1533 1365 1613 Apollodorum
1381 1533 1531 1614 prooemia

365 1657 429 1700 esse
452 1657 486 1698 ex
510 1637 560 1710 eis,
584 1657 618 1698 ex
642 1638 750 1718 quibus
773 1658 875 1700 omnes
892 1639 1106 1700 conueversiae
1121 1646 1298 1710 constarent,
1322 1637 1414 1711 lactis,
1438 1637 1530 1709 dictis,

365 1741 469 1814 causis,
493 1741 681 1820 temporibus,
705 1741 785 1815 locis,
809 1740 1019 1814 occasionibus,
1043 1743 1147 1802 ceteris
1170 1741 1188 1800 i.
1205 1761 1230 1802 e.
1254 1750 1324 1812 τοῖς
1346 1756 1531 1823 περιστατι-

367 1853 438 1918 κοτς
460 1843 594 1905 docuisse
616 1844 716 1917 Quint.
734 1845 768 1905 lll
787 1847 844 1916 150
867 1845 963 1906 tradit.

452 1947 606 2020 Quomodo
623 1947 770 2009 auditores
786 1947 893 2009 dociles
908 1946 1012 2009 attenti
1027 1946 1157 2008 benevoli
1172 1948 1252 2018 fiant,
1273 1947 1303 2009 in
1318 1947 1439 2010 Cornuti
1455 1947 1532 2009 Artis

367 2051 519 2131 excerptis,
542 2069 616 2130 qnae
631 2050 654 2109 E
675 2054 710 2125 ἐξ
727 2051 830 2112 9-18
853 2051 1013 2123 continent,
1037 2050 1200 2130 exponitur.
1245 2051 1366 2130 singulis
1383 2053 1418 2111 de
1433 2051 1487 2112 hac
1501 2070 1533 2112 re

366 2155 528 2236 praeceptis
550 2153 710 2234 praemissa
733 2164 802 2214 snut
825 2154 973 2215 enuntiata
997 2152 1122 2225 σκοπὸς
1149 2151 1186 2214 δὲ
1212 2154 1270 2216 τοῦ
1292 2157 1474 2236 προοιμίου
1495 2153 1532 2217 τὸ

367 2255 496 2320 τοιόνδε
518 2248 772 2335 παρασκευάσαι
795 2256 853 2318 τὸν
867 2252 1043 2338 ἀκροατήν·
1068 2254 1160 2328 τέλος
1179 2255 1216 2318 δὲ
1235 2255 1271 2318 τὸ
1289 2257 1457 2340 προσοχὴν
1478 2255 1534 2318 καὶ
1580 2336 1581 2339 ¹

369 2352 553 2442 εὐμάθειαν
577 2357 632 2420 καὶ
656 2355 786 2422 εὔνοιαν
809 2353 1097 2442 άπεργάσασθαιῑ.
1142 2359 1284 2440 eprioris
1299 2360 1444 2422 enuntiati
1464 2380 1534 2441 pro-

369 2463 488 2525 nomine
511 2458 641 2525 τοιόνδε
663 2472 714 2523 aut
735 2461 912 2523 infinitivum
936 2472 1068 2524 secutum
1092 2481 1163 2534 esse,
1188 2483 1246 2543 quo
1273 2463 1343 2524 illud
1371 2463 1534 2544 explicaba-

371 2577 432 2639 tur,
460 2575 511 2628 ant
539 2565 724 2626 enuntiatum
747 2565 948 2645 praecessisse,
972 2566 1006 2626 ad
1030 2568 1108 2645 quod
1132 2565 1312 2646 respiciebat,
1339 2567 1533 2647 colligendum

370 2680 424 2732 est.
467 2670 564 2730 locnm
587 2669 624 2729 ab
645 2668 835 2748 epitomatore
858 2677 1004 2730 resectum
1028 2689 1092 2731 esse
1115 2689 1148 2731 eo
1172 2670 1370 2744 confirmatur,
1397 2671 1475 2749 quod
1499 2671 1533 2732 ad

370 2774 495 2834 eundem
524 2771 595 2832 aliae
622 2770 805 2833 definitiones
833 2769 928 2853 ἔργον
954 2782 984 2834 et
1009 2772 1120 2846 τέλους
1147 2775 1328 2854 προοιμίου
1359 2774 1535 2835 revocandae

372 2885 451 2948 sunt,
468 2893 546 2955 ‘quas
568 2893 584 2934 e
607 2874 727 2935 Cornuti
749 2875 819 2935 Arte
841 2875 959 2936 duxisse
982 2876 1261 2938 demonstravimus:

371 2979 475 3059 lapnd
491 2977 641 3039 Nicolaum
657 3003 700 3029 =
715 2977 824 3058 Doxop.
841 2976 876 3038 W
888 2978 913 3038 ll
931 2977 990 3039 123
1006 3011 1084 3050 23-25
1107 2977 1206 3061 ἔργον
1224 2977 1260 3040 δὲ
1283 2973 1382 3041 αὐτοῦ
1405 2980 1536 3063 (προοι-

370 3082 463 3162 μίοο)
489 3077 526 3142 τά
551 3103 587 3142 τε
614 3079 848 3163 προσεκτικοὺς
874 3079 949 3154 τοὺς
978 3077 1138 3164 ἀκροατὰς
1166 3079 1427 3166 παρασκευάζειν
1454 3079 1536 3165 πρὸς

372 3185 413 3247 τὰ
435 3179 648 3269 ῥηθησόμενα
671 3183 785 3246 καὶτὸ
809 3180 940 3248 εὔνοιαν
962 3181 981 3266 ή
1004 3193 1100 3266 μίσος
1123 3181 1440 3266 ἕναπεργάζεσθαθ.

373 3290 399 3350 ll
414 3289 490 3368 apud
503 3286 599 3349 HSam
614 3286 651 3346 W
662 3286 713 3347 vlt
729 3287 768 3348 52
781 3307 855 3366 19sq.
872 3285 963 3360 τέλος
979 3285 1016 3348 dt
1031 3287 1088 3350 τοῦ
1105 3291 1285 3370 προοιμίου
1300 3288 1337 3350 τὸ
1353 3297 1537 3370 παρασχεῖν

374 3387 510 3475 εὖήκοον
531 3388 615 3472 πρὸς
637 3386 678 3450 τοὶ
700 3389 805 3452 λοιπὰ
826 3389 883 3452 τὸν
905 3385 1075 3473 ἀκροατήν.

373 3495 450 3557 inter
488 3492 685 3555 definitionem
723 3491 833 3565 τέλους
868 3493 898 3553 in
933 3492 1096 3574 Epitomam
1130 3504 1275 3576 receptam
1309 3504 1338 3556 et
1370 3495 1536 3575 proximum

443 3658 452 3689 1
471 3656 537 3707 llaec
559 3656 648 3712 τέλους
670 3658 784 3708 delinitio
808 3658 833 3706 in
852 3656 954 3710 Nicolai
972 3657 1047 3723 Prog.
1066 3659 1100 3726 Sp
1112 3658 1143 3708 lll
1163 3661 1213 3710 450
1226 3676 1251 3712 eo
1262 3685 1296 3702 =
1309 3659 1377 3711 Wll
1396 3662 1409 3710 7
1425 3678 1437 3713 1
1455 3668 1539 3711 trans·

375 3728 471 3792 scripta
490 3733 538 3786 est,
559 3725 602 3775 ubi
621 3725 645 3775 ei
658 3727 735 3776 verba
752 3725 864 3791 praelixa
883 3734 941 3776 sunt
958 3725 972 3778 ἔ
988 3743 1038 3796 γον
1055 3726 1084 3780 δὲ
1102 3722 1183 3780 αὐτοῦ
1201 3729 1373 3797 (προοιμίου)
1391 3730 1438 3779 καί
1455 3730 1538 3786 τέλος·

374 3793 404 3846 τὸ
431 3791 485 3864 γὰρ
512 3787 578 3844 αὐτό
604 3809 674 3850 τινες
700 3785 839 3861 ᾠήθησαν.
875 3745 1059 3860 Apollodoreos
1087 3793 1168 3867 ἔργον
1194 3797 1258 3846 idem
1286 3804 1358 3863 atque
1384 3798 1458 3852 τέλος
1484 3813 1539 3848 esse

375 3863 513 3928 sumpsisse
531 3861 618 3912 verbis
637 3861 657 3911 ll
677 3863 689 3910 l
706 3875 718 3915 t
736 3864 907 3926 cognoscitur,
929 3866 972 3915 sed
992 3865 1030 3916 bis
1048 3865 1217 3916 definitionem
1235 3866 1370 3918 aNicolao
1389 3866 1539 3932 descriptam

376 3933 511 3994 adsignare
530 3929 680 3995 Quintiliani
699 3931 786 3981 verbis
803 3930 837 3981 lV
858 3932 869 3982 1
884 3948 910 3985 ao
927 3940 1049 3983 vetamur.

443 3998 532 4049 lcum
555 4000 618 4049 baec
645 3999 759 4049 delinitio
783 4001 963 4065 Apollodoreis
986 4003 1136 4052 vindicanda
1162 4003 1197 4053 sit
1219 4000 1262 4062 (ci.
1281 4004 1486 4054 commentarium
1509 4005 1540 4054 ad

375 4069 397 4117 E
416 4069 429 4116 l
446 4070 479 4130 e),
497 4069 624 4129 miramur,
643 4069 707 4134 qnod
721 4084 770 4117 non
783 4069 841 4118 huic
855 4070 931 4120 verba
944 4068 1068 4136 ἔργον-
1082 4060 1221 4138 ᾠήθησαν,
1240 4071 1270 4121 de
1284 4071 1375 4136 quibus
1387 4073 1412 4120 iu
1425 4072 1540 4137 proxima

377 4139 434 4188 adn.
454 4137 628 4199 disseruimus,
646 4136 758 4202 praelixa
776 4144 843 4187 sunt.
881 4137 1022 4189 dubitamus
1041 4139 1128 4203 igitur,
1146 4154 1176 4189 an
1195 4139 1342 4203 lloxopater
1360 4146 1386 4189 et
1402 4155 1541 4206 anonymus

378 4205 515 4270 Aphthonii
541 4206 670 4270 interpres
688 4205 789 4256 Nicolai
810 4204 886 4255 verba
905 4207 1114 4272 perturbaverint
1132 4217 1157 4256 et
1175 4222 1203 4257 ea
1221 4208 1285 4257 bunc
1304 4208 1328 4257 in
1347 4209 1445 4258 modum
1463 4209 1542 4260 reati-

376 4273 470 4324 tuenda
493 4274 559 4324 sint:
577 4269 700 4342 ἔργον-
714 4264 847 4338 ᾠήθησαν
857 4273 903 4334 (W
916 4273 937 4324 ll
950 4275 964 4323 'l
976 4278 1041 4338 r-n)
1058 4266 1128 4326 τότε
1146 4272 1337 4344 προσεκτικοὺς
1349 4305 1381 4314 -
1392 4274 1542 4348 ἔναπεργά·

377 4341 470 4400 ζεσθαι
488 4342 532 4402 (W
546 4340 568 4392 ll
582 4345 680 4405 ea-aa),
701 4339 745 4409 (ἢ)
764 4340 794 4392 τὸ
810 4339 955 4410 προσοχὴν
967 4372 999 4380 -
1012 4337 1216 4412 ἀπεργάζεσθαι
1233 4343 1279 4407 (W
1292 4341 1314 4395 ll
1332 4347 1346 4396 7
1359 4349 1429 4409 a-e).
1522 4371 1524 4375 ·
