3590 5262
850 399 1095 464 -xtv-

474 579 590 642 Partem
620 577 870 653 1111153741
901 597 959 658 qua
989 575 1067 658 περὶ
1097 573 1219 651 τάξεως
1246 575 1427 658 προοιμίου
1453 576 1559 657 agitur,

389 703 424 745 ex
445 684 516 745 Arte
540 692 689 764 sumptam
713 701 778 744 esse
801 701 888 762 supra
911 679 1189 742 demonstravimus.

474 787 555 858 Quae
587 794 752 865 sequuntur
785 784 821 846 W
841 786 892 846 VII
925 784 965 846 53
986 785 1097 854 22-54
1111 816 1139 857 a,
1174 783 1290 846 aliunde
1321 781 1446 864 repetita
1479 791 1558 845 sunt.

389 891 532 970 prooemii
559 891 638 951 enim
667 889 832 970 exemplum
862 908 891 969 p.
909 887 948 949 53
964 919 990 958 ῃ
1019 897 1049 950 et
1077 886 1220 968 prooemii
1243 885 1310 948 finis
1332 894 1421 965 atque
1443 895 1558 966 etymo-

389 992 463 1071 logia
486 1012 514 1074 p.
531 994 599 1062 541
621 992 841 1054 enumeratione
872 993 1002 1072 quinque
1029 993 1157 1072 partium
1181 990 1322 1052 orationis
1344 988 1558 1060 W1v121,-

392 1095 469 1166 1310
491 1096 687 1171 continentur,
711 1115 800 1176 quam
823 1095 854 1158 in
876 1095 956 1170 Arte,
978 1115 1036 1174 qua
1051 1104 1191 1175 quattuor
1213 1092 1354 1156 orationis
1370 1101 1469 1173 partes
1492 1110 1557 1154 esse

390 1198 519 1267 docetur,
542 1217 604 1260 non
627 1201 756 1262 extitisse
778 1207 891 1261 certuxn
915 1206 970 1260 est.

475 1301 612 1364 Extrema
640 1322 709 1386 pars
738 1303 839 1365 WVll
855 1303 988 1372 54241
1030 1300 1065 1362 de
1089 1299 1164 1380 topis
1195 1299 1339 1381 prooemii
1367 1297 1439 1360 est¹.
1485 1317 1557 1360 num

389 1406 486 1486 priora
514 1405 549 1466 de
577 1406 631 1467 hac
657 1424 689 1468 re
717 1407 803 1468 rerba
825 1425 854 1486 p.
872 1407 912 1466 54
926 1403 1012 1476 ⁸40²
1040 1403 1103 1465 hrti
1126 1402 1297 1477 debeantur,
1320 1402 1478 1465 diiudicare
1499 1420 1559 1464 nou

390 1507 548 1583 audemus,
571 1510 736 1588 posteriora
757 1529 785 1590 p.
802 1510 843 1572 54
857 1538 937 1580 ro-rx
956 1526 993 1569 cx
1014 1506 1084 1569 lrte
1112 1506 1233 1569 fluxisse
1254 1516 1343 1589 patet,
1366 1525 1435 1569 uam
1458 1507 1559 1568 eadem

390 1612 521 1693 pleniora
543 1613 566 1673 Ε
588 1613 642 1689 §7
665 1611 880 1693 reperiuntur⁸.

475 1715 617 1778 Venimus
639 1716 675 1777 ad
697 1735 842 1796 anonyma
866 1715 991 1777 Scholia.
1028 1732 1153 1793 quorum
1172 1724 1268 1794 caput,
1292 1734 1350 1793 quo
1373 1713 1561 1794 enthymema

391 1826 546 1893 tractatur,
574 1818 653 1881 Artis
683 1820 828 1901 excerptis
854 1820 997 1881 refertum
1026 1837 1090 1879 esse
1121 1817 1178 1879 iam
1207 1817 1344 1879 vidimus.
1400 1835 1437 1878 ex
1458 1816 1559 1878 eadem

391 1922 463 1984 Arte
484 1922 515 1984 in
537 1922 706 2003 proximum
731 1923 915 1986 Scholiorum
940 1931 1027 2002 caput
1050 1920 1287 2001 Harpocrationis
1310 1921 1346 1982 de
1368 1920 1561 2002 epenthyme·

392 2034 470 2087 mate
491 2026 580 2088 rerba
602 2025 652 2107 (W
667 2026 718 2087 Vll
734 2027 795 2088 769
818 2026 887 2087 adn.
908 2025 937 2098 6,
960 2023 1261 2103 vtto11-4111,)
1284 2025 1459 2105 transcripta
1481 2032 1560 2086 sunt.

390 2147 465 2208 quae
491 2130 522 2190 in
552 2128 622 2190 tlrte
650 2129 801 2191 extiterint
827 2147 948 2190 necesso
971 2137 1024 2203 est,
1053 2147 1121 2190 cunt
1145 2128 1380 2210 Harpocrationis
1403 2129 1439 2190 de
1461 2129 1560 2190 elocu-

391 2230 470 2293 tione
496 2231 761 2312 epenthymematis
791 2239 980 2313 praeceptum
1003 2231 1026 2292 Ε
1048 2232 1137 2307 §250
1161 2233 1223 2295 dari
1245 2251 1304 2294 non
1326 2231 1480 2312 potuisset,
1504 2230 1561 2292 nisi

390 2343 475 2396 antea
498 2335 640 2413 quaedam
665 2334 700 2396 de
722 2343 828 2396 natura
850 2334 1114 2415 epenthymematis
1142 2335 1219 2398 dicta
1242 2343 1351 2398 essent.
1410 2334 1482 2396 item
1506 2353 1560 2395 na·

392 2446 488 2499 turam
523 2437 740 2519 epichirematis
773 2438 803 2500 in
825 2440 895 2500 arce
928 2439 1100 2520 explicatam
1134 2439 1226 2500 luisse
1257 2438 1453 2512 concluditur,
1476 2438 1561 2500 cuius

392 2542 508 2621 saepius
530 2541 561 2601 in
583 2541 719 2622 Epitoma
742 2541 854 2604 mentio
876 2543 926 2604 liat
949 2551 978 2604 et
1007 2543 1042 2603 de
1069 2542 1153 2604 cuius
1180 2542 1344 2604 elocutione
1372 2540 1561 2622 llarpocratio

391 2644 415 2704 Ε
437 2643 532 2719 §248
554 2645 743 2725 praescribat.
780 2646 879 2725 itaque
902 2664 1116 2725 anonymorum
1139 2646 1323 2711 scholiorum
1347 2644 1460 2725 capitis,
1482 2645 1561 2724 quod

392 2746 428 2808 de
443 2747 651 2828 epichiremate
667 2757 720 2824 est,
743 2757 856 2829 partem
875 2751 896 2829 β
911 2748 961 2829 (W
972 2749 1021 2810 Vll
1038 2748 1099 2810 752
1115 2777 1177 2824 Η,
1193 2750 1217 2810 V
1232 2750 1294 2812 395
1310 2749 1442 2820 12-397
1457 2749 1483 2829 ³)
1499 2748 1562 2810 tra

393 2850 590 2930 adsignemus.
628 2852 704 2914 hano
718 2861 831 2933 partem
847 2852 916 2913 inde
938 2851 1080 2932 originem
1104 2851 1211 2914 ducere
1227 2854 1330 2915 multis
1351 2851 1468 2913 iudiciis
1490 2870 1561 2913 cou-

393 2954 536 3016 firmatur.
583 2955 714 3017 collectio
748 2956 965 3036 epichirematis
998 2956 1102 3017 finium
1138 2955 1285 3017 simillima
1319 2963 1365 3017 est
1398 2953 1562 3016 collectioni

393 3057 621 3138 enthymematis
636 3059 741 3120 finium
758 3058 806 3134 (W
823 3060 873 3121 Vll
888 3059 963 3136 tot)
986 3068 1016 3121 et
1030 3059 1169 3121 ultimum
1186 3068 1376 3139 praeceptum
1393 3059 1484 3140 partis
1499 3058 1563 3119 WV

393 3158 502 3235 39612,
529 3180 588 3240 quo
611 3162 828 3243 epichirematis
850 3163 956 3225 solutio
979 3162 1146 3243 exponitur,
1176 3162 1335 3242 respondet
1356 3162 1506 3242 Epitomes
1529 3163 1565 3224 de

393 3264 538 3326 solutione
572 3265 779 3346 paradigmatis
806 3274 961 3346 praecepto
984 3264 1020 3338 (Ε
1042 3264 1160 3343 5187).
1204 3283 1293 3345 porro
1316 3264 1563 3346 Harpocrationis,

392 3365 517 3442 Neoclis,
544 3368 699 3430 Alexandri
729 3369 839 3431 mentio
869 3370 911 3431 fit.
961 3367 1088 3430 Zenonis
1116 3367 1240 3446 denique
1268 3368 1474 3450 paradigmatis
1497 3370 1565 3432 finis

392 3470 533 3544 adfertur,
556 3471 607 3551 qui
630 3470 653 3531 Ε
675 3475 693 3547 ξ
711 3473 770 3535 156
793 3492 912 3552 quoque
935 3471 1094 3533 invenitur.
1139 3470 1194 3532 tria
1209 3470 1300 3550 igitur
1315 3473 1408 3553 capita
1430 3473 1564 3535 Scholio-

392 3593 459 3636 rum
484 3575 557 3636 tomi
580 3574 659 3636 tertii
682 3575 795 3656 magnis
817 3574 896 3637 Artis
919 3574 1064 3656 excerptis
1086 3574 1194 3635 referta
1216 3574 1359 3637 ridemus.

479 3677 514 3739 ln
545 3697 605 3739 uno
640 3680 734 3759 capite
768 3677 888 3740 secundi
923 3677 995 3739 tomi
1019 3677 1215 3752 scholiorum,
1238 3678 1317 3757 quod
1340 3677 1375 3739 de
1398 3678 1566 3740 narratione

462 3881 471 3914 ¹
490 3882 559 3946 Lege
578 3882 612 3932 W
626 3882 671 3934 Vll
689 3884 722 3934 54
736 3899 749 3936 s
765 3875 822 3934 ἀπὸ
840 3882 924 3953 τριῶν
940 3879 1035 3933 τόπων
1053 3882 1188 3934 secundum
1206 3883 1239 3936 W
1253 3880 1275 3934 ll
1292 3883 1341 3934 546
1355 3898 1376 3936 ο.

461 3949 556 4001 thaso
580 3953 658 4002 verba
683 3953 846 4003 vehementer
872 3949 978 4002 confusa
1002 3967 1059 4001 osae
1081 3951 1222 4018 Doxopatri
1241 3952 1329 4003 verbis
1348 3950 1417 4003 Wll
1436 3950 1486 4000 546
1500 3964 1566 4002 o-ao

394 4020 547 4137 {anapaestis
574 4020 689 4087 adparet,
715 4037 778 4087 qaae
801 4036 834 4072 ex
856 4021 944 4072 eodem
968 4018 1037 4071 lonte
1060 4027 1134 4087 atquc
1158 4021 1204 4070 illa
1227 4019 1465 4084 Prolegoxaenorum
1489 4016 1567 4069 verba

412 4090 509 4140 erivata
528 4097 596 4139 suut.

463 4155 557 4206 ³ldcxu
585 4158 658 4208 locus
685 4158 783 4210 scholio
806 4156 981 4208 Demosthenis
1008 4158 1038 4207 ad
1068 4173 1105 4207 or.
1117 4158 1150 4206 54
1171 4155 1213 4222 §1
1240 4157 1339 4221 subest,
1367 4157 1409 4208 sed
1437 4156 1463 4206 in
1487 4154 1568 4204 medio

394 4225 586 4291 relinquendum
612 4234 660 4288 cst,
685 4234 768 4278 utrum
796 4227 934 4277 scholiasta
959 4225 1013 4290 ipsa
1033 4225 1097 4276 Arte
1124 4242 1155 4276 au
1184 4225 1327 4276 vetustiore
1350 4225 1418 4276 libro
1446 4239 1506 4274 usus
1526 4223 1569 4287 sit,

394 4309 428 4345 ex
445 4310 493 4360 quo
512 4294 558 4346 illa
576 4296 607 4345 de
620 4295 686 4362 topia
699 4295 823 4361 prooemii
835 4302 969 4361 praecepta
983 4295 1007 4343 in
1020 4295 1110 4344 Artem
1122 4293 1294 4360 transscripta
1307 4295 1368 4345 siat.
1404 4293 1569 4344 scholiastaxu

395 4379 444 4412 non
471 4378 504 4412 ex
524 4363 642 4429 llpitoma
664 4366 774 4429 pendere
799 4371 894 4414 certum
919 4369 967 4424 est,
993 4379 1049 4413 cum
1071 4371 1167 4414 rectu·
1192 4363 1306 4414 ordinem
1330 4372 1519 4429 praeceptorum
1542 4366 1569 4410 et

394 4431 510 4498 exempla
528 4432 648 4482 uberiora
668 4447 740 4498 quana
758 4432 876 4498 Epitome
896 4432 1024 4483 exhibeat.
