3590 5262
678 437 718 448 -
767 399 960 468 LXIII-

320 578 457 642 Extrema
490 597 558 661 pars
591 578 671 642 tertii
704 580 739 642 de
772 580 940 644 inventione
974 581 1061 654 tomi,
1095 601 1152 662 qua
1175 582 1212 645 de
1234 583 1405 647 oeconomia

234 682 440 765 probationum
475 682 629 763 agebatur,
662 685 723 745 lere
756 682 869 764 integra
902 705 918 747 e
945 684 1068 748 Cornuti
1094 688 1163 750 Arte
1196 688 1226 750 in
1254 687 1404 770 Epitomes

235 790 273 862 §d
292 786 458 848 tet-194
481 784 672 866 transscripta
694 805 759 848 esse
781 787 905 851 videtur.

537 985 620 1070 Περὶ
643 983 801 1070 εὑρέσεως
822 991 975 1073 τέταρτος
996 984 1104 1070 τόμος.

320 1108 391 1170 lnde
412 1105 492 1187 quod
513 1105 544 1167 in
560 1104 696 1185 Epitoma
719 1105 823 1168 ceteris
846 1107 935 1169 huius
958 1107 1031 1170 tomi
1054 1107 1199 1189 excerptis
1222 1109 1406 1172 definitiones

237 1212 343 1294 epilogi
365 1213 415 1290 (§§
432 1208 612 1287 198-200)
634 1209 874 1290 praemittuntur,
897 1211 929 1273 in
952 1210 1074 1274 Cornuti
1087 1211 1158 1273 tre
1180 1211 1242 1292 ipsa
1265 1223 1403 1292 quartum

237 1318 272 1378 de
298 1314 467 1377 inventione
495 1321 610 1374 tomum
637 1312 675 1373 ab
701 1312 747 1374 bis
773 1314 993 1377 definitionibus
1021 1333 1159 1377 exorsum
1187 1334 1251 1377 esse
1279 1316 1405 1396 colligas,

237 1421 288 1482 sed
311 1418 491 1490 dubitamus,
513 1435 550 1478 an
566 1415 715 1478 Cornutus
737 1417 939 1497 etymologiam
964 1419 1094 1480 nominis
1117 1417 1221 1499 epilogi
1244 1428 1312 1480 ante
1334 1420 1407 1481 defi-

236 1523 363 1586 nitiones
389 1519 531 1602 posuerit.
575 1537 663 1598 quem
686 1520 710 1581 ll
731 1519 827 1595 §236
854 1539 915 1583 non
943 1522 1106 1601 genuinum
1133 1523 1232 1583 locum
1255 1531 1354 1584 tenere
1376 1522 1407 1584 in

237 1626 391 1708 propatulo
423 1633 477 1686 est.
525 1623 582 1684 iam
612 1622 739 1703 Kaysero
766 1624 915 1706 displicuit
942 1626 1118 1689 sententiam
1146 1625 1257 1695 ntra
1284 1626 1315 1687 in
1343 1635 1407 1707 ety-

238 1729 361 1810 mologia
383 1728 543 1790 adhibitam
567 1726 690 1788 minimo
714 1728 808 1808 spatio
829 1728 952 1791 interius
967 1729 1060 1811 repeti
1075 1729 1099 1790 E
1113 1729 1154 1790 48
1169 1761 1191 1802 4,
1214 1738 1302 1808 atque
1317 1729 1406 1791 etiam

237 1833 329 1913 magis
352 1832 483 1903 offendit,
505 1831 585 1911 quod
607 1829 781 1910 etymologia
803 1832 882 1894 inter
903 1843 1002 1913 partes
1023 1814 1203 1906 insertaest,
1227 1833 1335 1911 quibus
1347 1851 1407 1894 non

237 1937 393 2000 universus
415 1935 550 2016 epilogus
573 1934 624 1996 sed
646 1933 771 1994 alterum
794 1935 858 1997 eius
881 1935 1065 2012 membrum,
1089 1936 1139 1998 scl.
1163 1935 1304 2010 adlectus,
1329 1946 1407 1997 trac-

236 2050 325 2104 tetur.
370 2041 401 2101 in
434 2041 530 2120 primo
563 2047 661 2100 autem
696 2037 731 2098 de
762 2038 930 2101 inventione
964 2047 1045 2102 tomo
1072 2037 1247 2120 etymologia
1277 2038 1407 2100 nominis

237 2142 381 2225 prooemii
417 2142 602 2204 definitiones
639 2142 837 2205 antecedebat.
894 2143 1059 2205 Cornutum
1097 2161 1167 2222 ergo
1201 2142 1406 2222 etymologiam

236 2247 366 2310 nominis
392 2245 498 2327 epilogi
526 2247 619 2327 ipsam
648 2264 767 2325 quoque
793 2245 1014 2309 definitionibus
1036 2245 1207 2326 praefixisse
1229 2244 1290 2306 veri
1313 2245 1408 2307 simile

237 2360 291 2413 est.
335 2351 461 2413 eundem
494 2369 555 2412 non
589 2334 684 2411 solum
719 2358 779 2410 tres
810 2350 993 2413 definitiones
1027 2352 1057 2411 in
1085 2348 1240 2428 Epitomen
1274 2357 1407 2430 receptas

237 2473 425 2518 enumerasse
448 2453 499 2514 sed
521 2452 608 2514 etiam
632 2460 765 2532 quartam
788 2453 867 2516 inter
887 2473 936 2516 eas
956 2452 1116 2516 inseruisse
1135 2451 1214 2514 Artis
1235 2462 1405 2532 excerptum

235 2577 251 2619 a
274 2557 440 2619 Marcellino
460 2558 570 2617 factum
595 2555 693 2617 docet:

237 2662 272 2721 W
287 2661 324 2724 lV
339 2660 402 2721 422
418 2691 443 2730 20
465 2654 636 2740 (ἐπίλογος
658 2658 741 2736 ἐστι)
764 2656 930 2734 ἐπάνοδος
955 2657 1058 2742 (τῶν)
1084 2657 1271 2741 εἰρημένων.

322 2764 472 2845 Epitomes
506 2772 617 2843 partes,
650 2784 725 2844 quae
757 2765 826 2825 inde
858 2762 1067 2837 aptot—t
1088 2761 1150 2822 220
1174 2760 1408 2839 distinguuntur,

237 2868 362 2930 eundem
379 2867 522 2940 ordinem,
545 2885 633 2945 quem
649 2868 680 2929 in
696 2868 819 2930 Cornuti
834 2869 903 2929 drte
924 2866 1016 2928 secuti
1032 2867 1102 2940 sint,
1119 2883 1234 2926 servare
1249 2863 1407 2937 credimus,

237 2991 305 3033 cum
328 2970 441 3032 ratione
464 2979 494 3032 et
516 2969 637 3031 consilio
660 2971 821 3052 dispositae
843 2990 908 3032 esse
931 2977 1157 3050 cognoscantur.

322 3073 420 3149 §201
453 3074 489 3135 ad
522 3092 571 3134 eas
604 3083 702 3154 partes
734 3074 822 3156 primi
853 3075 889 3136 de
922 3074 1091 3135 inventione
1124 3070 1198 3133 tomi
1232 3070 1407 3149 relegamur,

236 3178 346 3259 quibus
362 3177 558 3258 quaestiones,
582 3177 630 3238 ubi
653 3177 839 3258 prooemium
863 3177 1060 3239 adhibendum
1077 3194 1197 3256 quoque
1213 3172 1278 3235 loco
1293 3190 1407 3253 ponen-

237 3283 309 3344 dum
332 3290 418 3355 esset,
441 3281 677 3343 continebantur.
722 3281 824 3344 eadem
846 3281 936 3355 enim,
959 3299 1034 3360 quae
1057 3281 1092 3341 de
1109 3277 1269 3360 prooemio,
1292 3275 1329 3336 de
1344 3274 1408 3355 epi-

237 3389 302 3466 logo
332 3386 389 3447 dici
416 3404 514 3466 posse.
558 3384 609 3464 qui
632 3386 708 3446 hanc
729 3388 747 3461 ξ
769 3385 885 3464 legerit,
918 3384 949 3445 in
973 3383 1140 3464 opinionem
1164 3382 1336 3453 adducetur,
1375 3388 1409 3440 ut

238 3489 453 3570 quaestionem,
486 3489 536 3550 ubi
569 3488 701 3569 epilogus
731 3488 914 3550 adhibendus
941 3506 1060 3568 qnoque
1086 3487 1151 3548 loco
1177 3483 1331 3566 ponendus
1360 3481 1407 3552 sit,

237 3593 268 3655 in
302 3600 406 3672 quarto
440 3591 475 3653 de
508 3592 674 3655 inventione
706 3601 788 3654 tomo
815 3592 935 3654 omnino
962 3610 1023 3653 non
1049 3609 1114 3652 esse
1137 3596 1290 3651 tractatam
1314 3593 1407 3666 putet.

239 3698 289 3759 sed
320 3696 445 3758 maiores
472 3703 569 3776 partes
596 3696 632 3757 ad
661 3697 738 3758 hanc
765 3695 967 3777 quaestionem
997 3703 1139 3776 spectant.
1184 3691 1282 3770 itaque
1310 3688 1408 3768 suspi-

238 3819 342 3862 camur
357 3799 521 3860 Cornutum
539 3799 632 3878 magis
647 3799 766 3861 directis
781 3799 877 3860 verbis
893 3799 929 3860 ad
945 3817 977 3860 ea
990 3799 1145 3878 relegasse,
1159 3813 1233 3875 quae
1246 3791 1409 3854 Alexander

237 3903 438 3985 Apollodoreis
465 3903 634 3964 adversatus
665 3905 701 3965 de
722 3901 981 3984 praetermissione
1001 3910 1032 3962 et
1054 3897 1243 3962 collocatione
1265 3893 1408 3975 prooemii

238 4007 346 4069 dixisse
360 4007 391 4068 in
406 4005 503 4086 primo
518 4006 554 4067 de
570 4006 738 4068 inventione
754 4016 835 4069 tomo
851 4005 1029 4068 tradebatur.
1052 4021 1148 4083 neque
1162 3999 1240 4062 enim
1252 3995 1408 4060 Alexandri

239 4112 275 4173 de
303 4109 560 4191 praetermissione
586 4119 616 4173 et
638 4109 829 4172 collocatione
852 4109 956 4190 epilogi
979 4107 1067 4170 verba
1089 4106 1119 4167 in
1142 4101 1288 4182 excerptis
1310 4099 1410 4179 quarti

238 4215 274 4278 de
296 4213 464 4276 inventione
487 4213 561 4277 tomi
583 4213 781 4295 reperiuntur.

325 4318 429 4392 §202
463 4318 629 4400 exemplum
664 4316 879 4380 controversiae
907 4315 1053 4386 adfertur,
1085 4313 1117 4375 in
1140 4332 1196 4392 qua
1219 4331 1315 4391 neque
1338 4329 1408 4392 pro·

239 4423 335 4484 oemio
367 4441 462 4502 neque
494 4422 659 4484 narratione
693 4441 787 4501 neque
821 4421 951 4502 epilogo,
984 4419 1035 4482 sed
1066 4418 1128 4479 sola
1155 4415 1409 4497 argumentatione
