3590 5262
774 367 813 376 —
861 328 1030 394 XXXVIII
1081 363 1116 372 -

363 509 525 572 Gomutum
553 508 673 570 aomina
703 516 841 588 quattuor
863 508 1003 570 orationis
1024 509 1152 587 partium
1180 517 1210 568 et
1231 507 1318 569 verba
1340 505 1375 568 ἒν
1396 507 1441 592 τῷ
1465 528 1528 570 πο-

362 610 478 694 λιτικῷ
500 608 599 695 λόγῳ,
622 631 697 691 quae
713 612 761 673 llS
784 612 910 684 exhibet,
932 611 1084 691 scripsisse
1098 619 1128 671 et
1142 611 1364 691 epitomatorem
1381 614 1410 673 in
1426 631 1528 674 eorum

362 717 459 777 locum
482 715 667 796 participium
690 713 732 777 τὰ
754 717 954 798 προκείμενα
969 726 998 777 et
1012 734 1175 794 pronomen
1191 713 1226 778 ἐν
1240 713 1329 799 αὐτῷ
1344 715 1530 780 substituisse

362 819 447 882 laoile
476 818 529 879 tibi
557 819 755 898 persuadebis,
779 838 845 880 cum
877 820 929 880 has
951 819 1128 880 mutationes
1150 820 1248 882 studio
1270 821 1419 883 breviandi
1440 823 1530 881 lactas

364 942 428 985 esse
450 924 613 1002 appareatl.

449 1025 533 1087 HSac
559 1025 711 1087 enuntiato
741 1026 827 1106 paulo
854 1026 985 1089 interiori
1007 1027 1044 1086 W
1059 1027 1215 1099 1151119
1243 1025 1366 1110 ἀνάγκη
1395 1021 1451 1089 οὖν
1473 1023 1532 1106 τὴν

364 1123 467 1213 ἀρχὴν
489 1127 524 1190 ἐκ
546 1131 736 1210 προοιμίων
758 1125 971 1212 ποιήσασθαι
995 1130 1067 1191 εἶθ’
1092 1126 1193 1203 οὕτως
1215 1129 1330 1214 ἐφεξῆς
1357 1129 1399 1192 τὰ
1428 1126 1535 1191 λοιπὰ

365 1231 578 1314 παραδοῦναι
600 1233 701 1293 eadem
718 1233 839 1294 Cornuti
861 1233 947 1294 verba
971 1234 1098 1294 subsunt
1112 1243 1200 1314 atque
1214 1235 1364 1316 Epitomes
1380 1232 1531 1295 enuntiato

367 1337 430 1414 §Z
453 1336 504 1397 sed
533 1335 583 1396 ubi
606 1334 727 1397 Cornuti
749 1335 836 1397 verba
862 1335 1020 1415 integriora
1042 1347 1154 1398 servata
1182 1337 1241 1398 sint
1269 1337 1395 1400 discerni
1421 1336 1532 1415 nequit.

366 1448 433 1501 ante
448 1439 519 1500 illud
535 1438 719 1501 enuntiatum
736 1439 772 1499 ab
781 1439 828 1500 llS
837 1457 922 1501 cansa
939 1441 1103 1520 exponitur,
1120 1460 1172 1502 cur
1187 1441 1317 1522 primum
1333 1442 1368 1503 de
1384 1440 1532 1521 prooemio

366 1543 510 1622 agendum
535 1543 573 1604 sit
589 1541 732 1603 wvlmt
752 1575 777 1611 u
800 1542 884 1624 φασὶ
906 1546 1028 1617 τοίνυν,
1053 1538 1096 1616 ο1ς
1118 1540 1136 1606 ὁ
1159 1539 1256 1622 λόγος
1271 1540 1399 1626 σώματι
1415 1541 1533 1617 ἔοικεν,

368 1641 523 1723 ἀναλογεῖ
551 1643 588 1706 δὲ
616 1645 654 1732 τῇ
683 1643 808 1733 κεφαλῇ
839 1643 875 1706 τὸ
897 1647 1089 1728 προοίμιον,
1113 1643 1148 1708 αἱ
1171 1645 1340 1730 διηγήσεις
1361 1657 1431 1719 τοῖς
1453 1643 1535 1728 μετὰ

367 1748 425 1832 τήν
447 1745 603 1832 κεφαλὴν,
628 1745 661 1811 oi
684 1747 721 1810 δὲ
744 1744 865 1826 ἀγῶνες
886 1759 957 1822 τοῖς
980 1747 1027 1810 ἔτι
1050 1753 1233 1832 κατωτέρω,
1257 1749 1342 1812 τέλει
1365 1748 1402 1812 dd
1424 1745 1534 1831 σωμα-

367 1874 423 1927 τος
445 1847 463 1917 ὁ
486 1851 653 1930 ἐπίλογος.
702 1854 777 1914 banc
799 1853 974 1914 sententiam
996 1853 1090 1933 ipsam
1113 1873 1230 1933 quoque
1253 1853 1375 1915 Cornuti
1396 1854 1460 1914 Arii
1483 1853 1535 1913 de-

368 1957 430 2019 beri
452 1956 600 2037 probabile
624 1965 676 2017 est.
722 1975 790 2017 nam
815 1956 924 2037 optime
954 1956 988 2017 ad
1012 1957 1180 2035 proximum
1203 1957 1388 2018 enuntiatum
1411 1958 1535 2036 quadrat

369 2079 464 2140 neque
487 2059 616 2121 Cornuto
640 2059 756 2138 indigna
779 2069 833 2120 est.
877 2078 965 2139 quem
989 2059 1083 2120 simile
1106 2059 1251 2138 quoddam
1275 2061 1426 2140 scripsisse
1440 2079 1475 2121 eo
1490 2061 1504 2120 f
1520 2094 1534 2104 -

369 2166 453 2227 cilius
479 2164 628 2236 credatur,
659 2163 737 2242 quod
763 2162 863 2232 1361,
889 2162 1149 2243 Apollodoreorum
1177 2163 1320 2243 prooemii
1347 2182 1413 2224 cum
1442 2162 1535 2242 capite

369 2269 615 2349 comparationem
638 2274 858 2326 commemorat.
911 2265 972 2326 sola
994 2276 1124 2326 extrema
1147 2266 1233 2327 verba
1256 2266 1324 2327 inde
1346 2267 1382 2328 ab
1405 2261 1441 2326 oti
1463 2263 1536 2347 doq-

368 2369 486 2454 γήσεις,
517 2389 591 2450 quae
618 2369 750 2436 stultiora
778 2378 856 2441 sunt,
885 2386 973 2447 quam
1002 2378 1035 2430 ut
1062 2368 1191 2430 Cornuto
1218 2368 1412 2442 vindicentur,
1440 2388 1536 2448 neque

370 2477 433 2538 eius
447 2475 519 2546 brti,
542 2474 589 2535 cui
612 2468 733 2549 ἀγῶνες
754 2471 846 2550 ignoti
869 2479 947 2546 sunt,
970 2479 1037 2553 apta
1059 2479 1149 2546 erant,
1172 2492 1226 2552 pro
1241 2472 1437 2534 additamento
1453 2471 1536 2534 HSae

371 2579 503 2641 babenda
526 2586 605 2639 sunt.

456 2681 499 2742 nb
526 2680 574 2741 HS
601 2680 679 2740 inter
704 2681 907 2754 enuntiatum,
936 2700 994 2759 quo
1021 2679 1150 2759 primum
1174 2678 1357 2760 prooemium
1380 2688 1535 2741 tractatum

372 2785 408 2847 iri
423 2783 607 2866 promittitur
622 2781 890 2859 (er51119=u
906 2784 977 2862 §lp
993 2793 1023 2844 et
1036 2784 1239 2864 etymologiam
1256 2784 1383 2845 nominis
1395 2782 1537 2864 prooemii

372 2888 421 2967 (W
435 2887 472 2948 Vl
489 2888 547 2948 511
565 2919 591 2956 22
605 2913 648 2939 =
662 2886 686 2946 E
707 2890 725 2961 ξ
741 2887 773 2965 4)
796 2887 940 2948 sententia
961 2888 998 2948 W
1013 2886 1050 2947 Vl
1066 2888 1125 2948 511
1144 2918 1221 2958 m-on
1244 2888 1351 2949 inserta
1375 2894 1428 2961 est,
1463 2905 1537 2965 quae

372 2991 563 3070 Hermogenis
587 2991 747 3051 doctrinam
771 2990 947 3051 inventionis
971 3000 1090 3071 spectat.
1146 2990 1241 3052 HSam
1271 2990 1347 3071 apud
1374 2989 1536 3051 Cornutum

372 3096 413 3157 illi
437 3095 598 3166 enuntiato,
622 3095 700 3174 quod
723 3095 806 3173 quasi
824 3095 1052 3174 propositionem
1071 3096 1206 3156 thematis
1222 3095 1318 3167 babet,
1334 3092 1538 3174 etymologiam

374 3200 572 3262 continuatam
596 3199 699 3278 legisse
721 3209 834 3259 certum
858 3208 911 3272 cst,
934 3217 1001 3259 cum
1025 3199 1048 3258 Ε
1070 3199 1131 3274 53,
1160 3218 1216 3278 qua
1239 3198 1399 3259 Alexander
1425 3195 1467 3257 eis
1488 3214 1538 3255 re-

373 3321 518 3384 pugnasse
541 3302 655 3372 dicitur,
679 3303 729 3381 qui
751 3301 934 3382 prooemium
958 3311 987 3362 et
1009 3302 1153 3383 epilogum
1177 3321 1212 3362 ex
1235 3302 1344 3363 eisdem
1367 3301 1431 3381 capi
1453 3301 1539 3362 doce-

374 3407 454 3476 bant,
477 3405 636 3487 genuinnm
659 3406 755 3466 locum
779 3425 838 3465 non
862 3413 992 3485 occupet.
1037 3404 1185 3467 Cornutus
1207 3407 1294 3480 enim,
1318 3406 1367 3486 qui
1389 3405 1420 3465 in
1436 3403 1539 3466 ceteris

376 3509 411 3569 de
433 3508 600 3569 inventione
624 3495 716 3569 tomis'
734 3508 806 3568 nibil
822 3508 857 3569 de
873 3508 994 3587 singulis
1010 3508 1147 3570 orationis
1162 3509 1294 3589 partibus
1309 3509 1434 3581 disserit,
1457 3515 1540 3568 ante-

376 3629 464 3691 quam
498 3630 597 3672 earum
632 3611 816 3672 definitiones
849 3612 968 3683 adierat,
1003 3613 1037 3672 de
1071 3612 1212 3692 prooemii
1243 3612 1318 3693 topis
1342 3629 1401 3672 non
1424 3610 1540 3689 egisset,

377 3724 532 3794 antequam
555 3714 625 3793 quid
647 3722 724 3775 esset
746 3714 928 3795 prooemium
956 3715 1148 3794 exposuisset.
1203 3715 1352 3776 Cornutus
1383 3713 1473 3793 igitur
1505 3713 1540 3772 ab

377 3818 549 3898 etymologia
583 3817 711 3878 nominis
744 3817 895 3898 prooemii,
929 3835 1015 3896 quam
1050 3817 1269 3879 definitionibus
1297 3817 1468 3898 praecedere
1489 3834 1541 3897 par

378 3928 449 3993 erat,
471 3931 538 4000 post
559 3921 789 4002 propositionem
813 3920 950 3982 thematis
972 3921 1123 4001 incepisse,
1146 3921 1321 4001 epitomator
1339 3920 1472 3982 ordinem
1495 3919 1542 3981 in-

379 4024 500 4086 vertisse
522 4025 672 4105 putandus
693 4035 746 4086 est.
791 4025 861 4086 baec
883 4024 1055 4104 etymologia
1077 4024 1113 4086 ab
1135 4024 1326 4105 epitomatore
1353 4026 1456 4105 purior
1482 4033 1542 4085 tra·

381 4129 460 4190 ditur
493 4147 581 4208 quam
616 4129 652 4189 ab
674 4127 722 4189 HS
745 4127 905 4189 11111511
924 4160 949 4197 22
971 4136 1000 4189 et
1022 4128 1070 4188 Vll
1093 4128 1183 4202 5217,
1217 4128 1268 4208 qui
1300 4147 1363 4190 eam
1389 4127 1542 4207 utrobique

418 4277 422 4300 ¹
450 4285 459 4316 ¹
477 4246 578 4336 Eadem
587 4285 618 4334 de
630 4299 704 4334 causa
717 4284 847 4350 Epitomes
860 4285 938 4334 verba
959 4288 967 4335 1
985 4301 997 4336 5
1016 4280 1078 4340 τοὺς
1091 4281 1121 4334 δὲ
1131 4277 1274 4350 ἐπιλόγους
1285 4278 1425 4352 ἐπάγωμεν
1437 4285 1543 4349 genuino

383 4353 486 4404 Cornuti
505 4368 560 4404 esso
580 4360 606 4402 et
623 4353 654 4402 ab
673 4351 712 4402 llS
731 4354 756 4403 in
775 4352 828 4406 τῶν
845 4351 873 4406 δὲ
890 4348 1025 4420 ἔπιλόγων
1042 4359 1136 4404 motata
1156 4369 1211 4404 esse
1230 4354 1364 4406 credimus.
