3590 5262
687 397 934 463 -XLI—

232 576 416 638 enuntiatum
444 575 467 636 E
490 575 536 646 3,
566 571 689 647 εἰδότες
717 573 780 658 γὰρ
814 572 846 637 οἳ
874 571 1045 648 ἀκούοντες
1072 574 1150 659 περὶ
1178 567 1222 638 ὦν
1249 567 1281 639 oi
1307 572 1400 654 λόγοι

233 674 470 761 εὐμαθέστεροι
485 673 676 760 γενήσονται
692 680 833 758 quaedam
851 679 946 740 excisa
961 698 1026 740 esse
1040 687 1129 759 patet,
1152 697 1219 740 nam
1236 680 1291 741 hoc
1306 697 1401 741 enun-

233 785 336 845 tiatum
357 783 500 844 rationem
524 781 685 843 sentcntiae
707 782 828 844 alicuius
849 781 1047 862 praecedentis
1069 782 1175 844 habere
1197 784 1402 846 coniunctione

233 885 295 965 γὰρ
318 886 470 947 indicatur.
508 892 537 946 at
559 903 632 963 quae
655 884 702 946 hic
724 885 817 948 deleta
839 885 898 946 sint
921 894 951 946 et
972 905 1046 965 quae
1066 885 1097 947 in
1117 885 1304 947 inferioribus
1318 905 1403 967 prae·

235 989 326 1070 ceptis
348 989 384 1051 ab
407 989 598 1069 epitomatore
613 989 657 1048 vel
679 989 804 1050 extincta
819 988 864 1049 vel
886 998 997 1050 mutata
1020 989 1088 1063 sint,
1110 989 1199 1052 statui
1222 1008 1281 1051 non
1296 998 1402 1069 potest,

235 1113 302 1155 cum
325 1111 412 1154 nemo
435 1092 510 1153 hanc
531 1091 653 1153 Cornuti
675 1091 754 1153 Artis
776 1099 888 1171 partem
912 1091 1120 1172 compilaverit.

322 1195 456 1257 Proxima
485 1194 635 1275 Epitomes
663 1194 804 1274 particula
832 1198 869 1270 ἐξ
886 1196 934 1269 19,
951 1195 990 1258 20
1019 1196 1055 1257 de
1077 1196 1240 1258 differentia
1262 1195 1404 1276 prooemii

237 1308 266 1360 et
288 1298 392 1379 epilogi
414 1307 469 1359 cst.
521 1317 588 1359 cum
617 1317 658 1371 ea,
688 1317 762 1378 quae
785 1299 896 1359 dehac
924 1318 956 1360 re
978 1299 1009 1359 in
1032 1300 1153 1361 Cornuti
1175 1300 1245 1360 Arte
1267 1300 1403 1380 legeban-

236 1411 294 1476 tur,
316 1421 376 1464 non
400 1403 494 1463 solum
517 1401 666 1481 Epitomes
688 1400 707 1461 l.
728 1401 746 1461 l.
776 1402 826 1462 sed
850 1402 937 1463 etiam
964 1403 993 1463 in
1017 1403 1160 1483 excerptis
1182 1402 1278 1483 quarti
1300 1403 1336 1464 de
1357 1402 1405 1463 in·

236 1506 371 1567 ventione
393 1505 466 1567 tomi
489 1505 524 1583 (E
547 1504 654 1581 5237)
685 1503 842 1583 epitomata
872 1514 902 1566 et
930 1506 1030 1567 cadem
1057 1526 1073 1567 a
1095 1507 1260 1568 Marcellino
1283 1506 1405 1587 expilata

237 1609 306 1682 sint,
328 1609 379 1689 qui
401 1620 516 1689 praeter
538 1609 609 1670 hacc
631 1609 744 1670 nullum
762 1609 884 1672 Cornuti
898 1609 977 1671 Artis
999 1620 1185 1690 praeceptum
1206 1609 1263 1671 nisi
1286 1629 1321 1670 ex
1343 1610 1406 1684 eius

237 1720 341 1792 quarto
363 1712 399 1773 dc
421 1712 590 1774 inventione
614 1722 694 1773 tomo
716 1713 872 1793 receperit,
896 1712 1022 1774 dubitari
1044 1723 1155 1793 potest,
1184 1713 1233 1774 ubi
1256 1712 1405 1775 Cornutus

238 1815 430 1877 differentiam
453 1815 595 1896 prooemii
617 1824 647 1877 et
669 1815 773 1896 epilogi
797 1815 971 1877 tractaverit.
1015 1835 1103 1895 quern
1123 1816 1159 1877 de
1174 1816 1228 1877 hac
1243 1816 1406 1878 differentia

237 1917 385 1997 inprime
407 1918 443 1979 de
465 1919 633 1980 inventione
655 1928 735 1980 tomo
758 1917 851 1998 egisse
873 1936 927 2000 pro
943 1927 1023 1980 certo
1039 1918 1190 1993 habemus,
1214 1919 1353 2000 quoniam
1376 1919 1406 1980 in

240 2021 341 2082 eodem
365 2029 445 2083 tomo
467 2022 536 2102 quid
559 2021 637 2084 inter
651 2021 832 2103 prooemium
850 2031 881 2083 et
895 2022 1091 2083 narrationem
1107 2023 1407 2102 argumentationem-

239 2144 296 2204 quc
318 2126 473 2187 interesset
494 2125 594 2205 paucis
616 2125 824 2205 exponebatur.
877 2124 1027 2205 Epitomes
1060 2126 1146 2188 verba
1180 2127 1215 2188 ad
1247 2127 1323 2187 hanc
1344 2145 1408 2186 rem

239 2227 415 2309 pertinentia
438 2231 467 2304 (ξ
482 2228 536 2309 36)
558 2248 626 2290 cum
648 2237 741 2308 parte,
764 2246 838 2308 quae
859 2228 895 2288 de
917 2227 1079 2290 differentia
1101 2228 1243 2310 prooemii
1260 2239 1290 2290 et
1304 2228 1407 2309 epilogi

240 2339 310 2405 erat,
333 2331 495 2394 aCornuto
510 2332 675 2406 coniuncta,
698 2331 734 2393 ab
756 2331 947 2411 epitomatore
970 2341 1101 2413 separata
1124 2351 1188 2394 esse
1210 2332 1271 2394 veri
1293 2331 1408 2394 similli-

241 2454 323 2497 mum
353 2443 406 2497 est.
454 2452 521 2497 nam
551 2436 597 2497 his
618 2434 714 2497 verbis
740 2434 831 2507 loeus,
861 2453 948 2514 quem
971 2434 1003 2496 in
1025 2435 1159 2515 Epitoma
1182 2437 1325 2510 obtinent,
1347 2455 1408 2497 non

241 2539 376 2601 convenit
403 2549 433 2600 et
457 2557 490 2600 ea
517 2539 593 2618 apud
617 2539 780 2601 Cornutum
802 2537 975 2618 praeceptis,
997 2557 1071 2618 quae
1093 2539 1123 2600 in
1146 2539 1280 2620 Epitoma
1303 2539 1371 2602 inde
1393 2559 1409 2600 a

241 2643 312 2720 §21
337 2642 490 2722 incipiunt,
513 2642 705 2704 antecessisse
727 2641 809 2704 HSae
831 2641 975 2721 excerptis
998 2641 1093 2702 WVll
1108 2641 1148 2703 52
1163 2675 1229 2712 Μ
1251 2643 1409 2704 confirma-

241 2747 319 2808 tur¹.
368 2747 478 2808 eisdem
507 2746 660 2827 excerptis,
688 2764 762 2826 quae
791 2744 908 2806 nonnisi
935 2744 1068 2806 minutiis
1090 2746 1127 2807 ah
1148 2745 1172 2806 E
1194 2745 1268 2821 §36
1295 2746 1409 2809 dissen-

242 2849 329 2923 tiunt,
352 2850 406 2911 hac
428 2851 579 2930 §integra
601 2849 723 2912 Cornuti
744 2849 824 2910 Artis
846 2849 933 2910 verba
956 2848 1064 2911 servari
1086 2849 1299 2928 cognoscimus.
1334 2868 1409 2928 quae

243 2952 391 3013 Cornutus
425 2953 460 3013 dc
492 2953 654 3015 differentia
687 2952 829 3033 prooemii
862 2961 892 3013 et
924 2951 1028 3032 epilogi
1062 2951 1223 3032 scripserit,
1257 2951 1409 3013 extribus

244 3074 345 3117 corum
379 3056 520 3137 excerptis
552 3056 576 3116 E
609 3059 645 3131 ἐξ
662 3057 710 3129 19,
727 3055 766 3117 20
789 3065 820 3117 et
841 3054 901 3117 237
935 3064 965 3117 et
996 3056 1072 3136 apud
1100 3055 1300 3117 Marcellinum
1322 3048 1410 3114 Wlll

246 3157 307 3220 428
322 3189 387 3228 44„
408 3158 449 3220 ita
471 3161 531 3220 lere
554 3160 733 3221 restituenda
756 3166 839 3220 sunt:

330 3259 483 3344 διαφέρει
516 3256 554 3322 δὲ
582 3261 641 3324 τοῦ
669 3255 830 3339 δπιλόγοο
858 3261 894 3324 τὸ
926 3263 1119 3344 προοίμιον,
1154 3255 1206 3325 ὅτι
1228 3258 1263 3324 ἐν
1284 3256 1344 3341 μὲν
1366 3258 1411 3342 τῷ

246 3366 414 3447 προοιμίῳ
441 3363 478 3428 τὸ
509 3365 619 3448 σχῆμα
644 3364 699 3426 καὶ
729 3364 789 3448 τὴν
815 3362 988 3448 ἑρμηνείαν
1013 3367 1146 3447 μέτριον
1173 3359 1410 3427 εἶναιδεῖκαὶ

246 3465 349 3550 ἤπιον
369 3465 425 3528 καὶ
448 3461 490 3540 ὦς
512 3463 553 3530 ἄν
575 3469 668 3530 εἴποι
690 3491 739 3542 τις
761 3467 942 3532 τιθασσόν·
971 3465 1088 3549 ἐπειδὴ
1110 3466 1172 3549 γὰρ
1195 3466 1230 3530 ἐν
1252 3461 1334 3554 ἀρχῇ
1355 3460 1411 3548 νή-

247 3586 348 3654 φουσι
376 3567 501 3654 μᾶλλον
528 3567 561 3633 οἳ
589 3566 747 3655 ἀκροαταὶ
775 3571 830 3633 καὶ
860 3569 953 3635 οὔπω
984 3565 1211 3652 ἅνακεκῖνηται
1240 3563 1348 3632 αὐτοῖν
1373 3552 1411 3630 το

247 3674 378 3750 πάθος,
406 3671 637 3757 ὁμοιοπαθεῖν
665 3672 719 3736 δεῖ
744 3683 814 3748 τοῖς
836 3670 993 3738 ἀκούουσι
1021 3673 1076 3735 καὶ
1109 3669 1214 3757 ἤρεμα
1247 3668 1413 3757 προβιβά-
1476 3661 1481 3674 ’

250 3776 316 3850 ζειν
337 3776 375 3842 τό
396 3801 431 3840 τε
453 3775 577 3841 ἑαυτῶν
598 3777 654 3839 καὶ
675 3776 712 3840 τὸ
734 3778 797 3841 τῶν
819 3774 987 3861 ἀκροατῶν
1010 3771 1138 3848 πάθος·
1161 3774 1196 3837 ἐν
1219 3773 1255 3838 δὲ
1277 3775 1322 3858 τῷ
1337 3772 1412 3837 ἕπτ-

247 3879 336 3966 io'ycp
359 3880 395 3944 τὸ
418 3881 527 3964 σχῆμα
549 3884 820 3963 σογιιειιινημένον
843 3881 898 3943 καὶ
921 3877 1046 3952 πολλαὶς
1062 3876 1122 3960 μὲν
1136 3875 1310 3961 ἐμβοήσας
1326 3875 1411 3955 ἔχον,

316 4083 411 4134 1ilaec
438 4088 558 4150 excerpta
586 4083 689 4132 cundem
716 4083 844 4144 ordinem,
874 4096 944 4147 quem
971 4081 1023 4130 loci
1050 4080 1179 4146 compilati
1206 4078 1313 4129 Cornuti
1339 4078 1412 4128 Artis

249 4153 427 4270 ⁵⁰l⁰⁰l'll⁰‘'
445 4146 1413 4272 ttttttltttt„,ttrtlttnti,ltt'tttttttt“ettttl

250 4221 386 4339 grictam
407 4236 581 4354 {siccissima
603 4294 700 4338 certum
722 4294 769 4338 est.
805 4287 904 4337 aceedit
925 4233 991 4351 quoi
1015 4233 1133 4350 exceprpta
1157 4284 1236 4335 simili
1261 4231 1413 4363 rationepal

250 4357 289 4476 leli?
306 4357 425 4488 {32:2¹
440 4355 551 4475 thlangril
566 4357 683 4410 r-taoc
706 4358 760 4420 ipsa
781 4370 878 4422 quoque
901 4355 989 4405 ordine
1011 4353 1115 4403 Cornuti
1133 4353 1206 4404 Artis
1227 4352 1350 4416 locorum,
1372 4367 1414 4417 qur
