3590 5262
728 376 974 468 -qx-3

254 556 415 620 sententiae
446 576 500 637 pro
531 556 668 618 vocabulo
701 575 773 618 usus
808 555 919 636 species
952 557 1061 637 ligures
1095 554 1327 642 περιφράσεως
1360 579 1423 622 esse

254 659 435 723 videbatur¹.
479 661 577 740 itaque
598 669 786 740 praeceptum
810 660 846 720 de
873 680 932 739 quo
959 660 1055 740 agitur
1076 661 1117 721 Α]
1143 681 1203 723 non
1231 662 1266 724 ab
1288 663 1422 744 Epitoma

254 766 305 826 scd
330 785 346 826 a
371 764 499 825 Theonis
522 762 790 844 Progymnasmatis
816 763 956 844 repetisse
983 764 1117 825 sumendi
1145 773 1224 838 sunt,
1256 765 1288 827 in
1315 766 1423 845 quihus

255 869 295 948 Sp
311 869 337 928 ll
360 867 437 937 8410
459 868 565 947 legitur
591 867 912 950 παρατηρητέον...
935 864 1015 951 μήτε
1042 864 1142 945 λόγων
1167 863 1241 931 ἀντὶ
1262 863 1424 950 ὀνόματος

255 979 380 1045 ποιεῖν,
404 967 476 1033 οἷον
499 965 572 1034 ἀντὶ
593 970 652 1034 τοῦ
675 967 848 1034 ἀπέθανεν
865 968 998 1042 ἐξέλιπε
1012 969 1070 1034 τόν
1084 974 1169 1052 βίον.
1215 972 1254 1032 Α]
1269 973 1304 1033 ah
1320 973 1422 1035 eodem

255 1074 382 1148 Theone,
405 1074 455 1153 qui
479 1075 519 1155 Sp
534 1074 560 1135 ΙΙ
583 1074 659 1145 811,
681 1083 749 1156 post
771 1075 824 1138 alia
846 1076 978 1156 exempla
1000 1076 1064 1138 τῶν
1088 1077 1322 1158 πεποιημένων
1337 1077 1423 1139 verba

255 1173 443 1260 κελαρύζειν
471 1176 526 1240 καὶ
551 1177 589 1240 τὰ
610 1177 749 1240 τοιαῦτα
771 1179 895 1253 exhibet,
928 1179 1016 1240 verba
1038 1179 1074 1238 W
1093 1180 1120 1240 ΙΙ
1141 1179 1204 1242 219
1220 1213 1246 1251 20
1272 1188 1424 1242 mutuatos

253 1289 408 1362 praecepto
430 1281 580 1363 Epitomes
603 1281 737 1343 adfixisse
759 1282 909 1361 probabile
931 1282 1004 1344 eset.
1049 1290 1094 1343 ter
1108 1282 1197 1362 igitur
1216 1283 1257 1344 Α]
1280 1284 1424 1365 excerptis

254 1385 405 1465 Epitomes
420 1385 512 1447 aliena
528 1385 724 1448 additamenta
739 1387 937 1450 immiscuisse
952 1386 1170 1449 concedendum
1187 1396 1240 1449 est.
1268 1388 1424 1468 quinquies

253 1489 294 1549 Α]
315 1489 402 1550 rerba
417 1489 566 1570 Epitomes
589 1490 711 1552 consilio
733 1499 847 1552 mutare
870 1491 1018 1554 videmus:
1041 1490 1158 1552 initium
1175 1491 1324 1553 brevitatis
1339 1511 1425 1572 prae-

254 1592 425 1672 ceptorum⁸
448 1592 504 1668 E§
526 1593 566 1656 63
590 1595 647 1673 (=
667 1593 703 1652 W
723 1594 749 1656 ΙΙ
775 1594 841 1656 228·
853 1594 892 1674 14)
915 1604 944 1656 et
966 1594 1053 1656 verba
1075 1594 1220 1656 enuntiati
1242 1595 1347 1664 1317,
1370 1595 1426 1674 (=

254 1695 291 1754 W
305 1695 332 1757 ll
354 1695 479 1774 21914),
503 1697 586 1759 cuius
608 1697 737 1777 priorem
767 1709 882 1778 partem
905 1705 1110 1770 resecuerunt,
1137 1697 1169 1759 in
1191 1698 1276 1759 eham
1299 1702 1423 1760 formam

254 1800 439 1878 redegerunt.
483 1800 520 1859 W
535 1801 561 1862 ll
576 1801 638 1862 229
653 1833 666 1870 ὃ
681 1819 696 1862 e
712 1801 840 1863 Theonis
855 1801 1125 1882 Progymnasmatis
1142 1802 1182 1882 Sp
1198 1803 1224 1862 ll
1240 1802 1281 1865 84
1295 1835 1331 1876 n,
1347 1803 1425 1864 unde

254 1903 342 1964 etiam
375 1903 541 1983 proximum
576 1903 762 1965 enuntiatum
790 1905 825 1964 W
852 1905 878 1964 ll
911 1904 1008 1976 229,
1041 1905 1268 1986 exscripserunt,
1301 1906 1423 1967 verbum

256 2003 519 2069 σαννπακιιύεται
551 2007 582 2067 in
615 2007 713 2068 locum
746 2007 865 2086 genuini
898 2005 1009 2069 λείπει
1043 2009 1289 2071 substituerunt⁴.
1341 2009 1377 2069 W
1399 2010 1425 2070 ll

256 2110 429 2189 21910sqq.
453 2110 526 2171 duos
552 2119 692 2190 quattuor
713 2129 915 2184 numerorum,
937 2130 1011 2189 quos
1034 2110 1057 2171 P
1079 2112 1196 2173 exhibet
1217 2112 1240 2172 E
1266 2112 1305 2174 16
1320 2144 1361 2185 xo,
1386 2113 1424 2173 17

256 2246 275 2292 2,
289 2245 321 2290 m,
334 2246 369 2287 ῃ,
393 2213 557 2274 omiserunt
579 2222 609 2275 et
630 2233 683 2294 pro
705 2214 819 2285 notorie,
843 2233 918 2292 quos
941 2214 1029 2275 falsos
1052 2233 1117 2275 csse
1138 2223 1257 2295 putasse
1280 2215 1424 2290 videntur,

256 2317 327 2378 alios
359 2325 532 2397 posuerunt.
585 2317 622 2376 W
648 2318 674 2378 ll
706 2316 768 2379 228
794 2348 820 2388 17
854 2316 979 2396 denique
1012 2318 1113 2391 verbe,
1146 2337 1220 2397 quae
1254 2319 1277 2380 P
1309 2319 1427 2381 exhibet

255 2421 279 2481 E
297 2422 371 2491 141,
393 2417 474 2503 μήτε
494 2418 603 2503 μακρὰ
618 2457 661 2466 —-
676 2417 896 2503 διηγούμενοι,
921 2439 988 2482 cum
1011 2421 1057 2482 his
1073 2430 1332 2483 commutaverunt
1347 2417 1426 2504 μήτε

256 2524 303 2597 εἰς
328 2521 371 2585 τὰ
392 2522 598 2606 παρέλκοντα
619 2520 737 2606 χρόνον
759 2519 1003 2606 καταναλώσης,
1032 2519 1074 2598 αἱς
1097 2521 1130 2586 oi
1152 2522 1235 2606 μετὰ
1255 2522 1296 2586 τὰ
1319 2521 1427 2606 πράγ-

256 2648 345 2709 ματα
378 2624 537 2701 εἰωθότες
570 2627 777 2711 διηγεῖσθαι.
821 2627 929 2706 quibus
954 2627 1051 2689 verbis
1085 2628 1156 2708 quin
1189 2629 1270 2690 locus
1299 2629 1427 2690 Theonis

257 2733 297 2812 Sp
314 2732 339 2793 ll
362 2731 402 2793 83
414 2764 439 2802 m
462 2727 543 2815 μήτε
566 2731 613 2804 εἷς
634 2729 675 2793 τὰ
697 2728 903 2813 παρέλκοντα
925 2730 983 2793 τὸν
1004 2728 1103 2808 λόγον
1124 2730 1425 2814 καταναλίσκωμεν,

257 2831 300 2908 ὦς
323 2830 355 2897 oi
377 2831 461 2916 μετὰ
479 2835 522 2896 τὰ
538 2830 716 2917 πράγματα
732 2831 890 2907 εἰωθότες
905 2833 1102 2917 διηγεῖσθαι
1119 2837 1222 2909 subsit,
1245 2837 1324 2898 haud
1340 2836 1426 2898 dubi-

256 2948 363 3012 tamus,
397 2956 464 2999 cum
498 2939 574 3019 apud
608 2939 648 2999 Α]
680 2939 802 3000 eandem
836 2938 1031 3019 corruptelam
1066 2940 1256 3021 reperiamus,
1290 2959 1347 3019 que
1380 2940 1427 3002 ille

256 3042 384 3104 Theonis
410 3043 492 3104 locus
514 3042 634 3104 laborat.
679 3061 745 3102 cum
770 3041 924 3104 Lederlino
947 3043 1024 3104 enim
1051 3040 1129 3126 (τὰ)
1155 3042 1238 3125 μετὰ
1257 3041 1300 3105 τὰ
1321 3039 1427 3126 πράγ-

258 3167 345 3225 ματα
371 3145 558 3207 scribendum
587 3164 652 3207 esse
681 3146 785 3206 collato
812 3145 832 3205 l.
860 3146 988 3207 Theonis
1019 3147 1225 3227 Sp111082³
1251 3165 1425 3227 persuasum

258 3246 410 3308 babemus.

342 3350 479 3430 Reliquas
501 3351 593 3413 ddum
620 3362 650 3413 et
675 3351 825 3433 Epitomes
852 3352 1019 3426 verborum,
1051 3352 1147 3431 qualia
1172 3352 1202 3413 in
1232 3352 1254 3413 P
1281 3353 1427 3432 leguntur,

259 3453 478 3533 discrepantias,
504 3471 576 3532 quas
599 3474 660 3517 non
683 3456 894 3518 mutationibus
917 3455 1009 3517 ddum
1033 3466 1116 3519 natas
1139 3476 1203 3518 esse
1226 3464 1374 3537 putemus,
1397 3457 1427 3517 in

258 3565 397 3637 apparatu
430 3556 532 3619 critico
564 3559 778 3621 adnotabimus.
826 3578 917 3639 pauca
951 3559 986 3620 dc
1014 3560 1109 3640 pretio
1142 3559 1247 3621 harum
1281 3561 1426 3621 variarum

257 3661 415 3723 lectionum
444 3661 565 3722 dicenda
592 3670 672 3724 sunt.
715 3663 756 3723 Α]
785 3663 928 3724 deteriore
955 3662 1106 3743 Epitomes
1137 3662 1236 3724 codice
1266 3683 1335 3725 usos
1364 3682 1428 3724 esse

258 3783 345 3845 quam
374 3765 468 3826 TSam
498 3766 529 3825 in
556 3764 710 3847 propatulo
741 3776 795 3838 est,
822 3767 920 3828 beus
946 3769 1024 3828 enim
1052 3767 1218 3846 complures
1246 3767 1428 3848 corruptelae

326 3926 337 3959 1
356 3925 393 3978 Cf.
412 3926 585 3978 Alexandrum
603 3928 633 3975 de
652 3927 739 3992 liguris
757 3927 790 3992 Sp
802 3926 835 3978 Ill
852 3927 884 3977 32
896 3945 922 3980 14
933 3943 984 3993 sqq.

326 3995 337 4028 ²
355 3996 414 4046 Cum
427 3997 462 4045 nl
475 3993 578 4045 Theoee
597 4010 657 4045 usos
676 4010 732 4046 erse
751 4003 859 4060 constet,
877 3996 988 4046 dubitrri
1005 3995 1100 4062 nequit,
1118 3995 1177 4061 quin
1191 4011 1247 4046 eum
1260 3996 1308 4046 iem
1322 3996 1428 4046 scholiis

258 4064 312 4115 suis
330 4065 483 4115 instructum
501 4063 612 4126 legerint
630 4071 655 4114 et
674 4081 689 4116 a
707 4064 747 4115 TS
767 4064 824 4116 Wl
841 4067 889 4116 260
902 4080 927 4116 22
946 4063 1019 4114 linem
1037 4065 1230 4130 perspicuitatis
1248 4065 1428 4130 repetiverint,

259 4149 330 4200 quern
351 4134 382 4183 W
396 4132 418 4183 ll
436 4132 513 4186 2293
532 4135 659 4198 excerptis
677 4133 808 4199 Epitomes
826 4134 1007 4184 adiunxerant.

327 4200 338 4235 ³
355 4202 405 4251 Sub
428 4201 530 4251 initium
553 4202 745 4267 perspicuitatis
764 4210 790 4253 et
808 4202 992 4253 credibilitetis
1011 4207 1201 4267 praeceptorum
1220 4203 1258 4254 Α]
1276 4202 1427 4268 perticulam

259 4267 287 4320 δὲ
305 4270 436 4337 Epitomee
455 4270 601 4320 omiserunt

327 4339 465 4391 ⁴Verbum
487 4339 582 4400 λείπει,
608 4339 672 4404 qnod
695 4339 715 4388 Ε
737 4342 805 4392 151e
828 4340 916 4390 codice
935 4339 954 4389 P
972 4339 1093 4400 traditur,
1116 4341 1146 4389 eh
1164 4339 1312 4391 Alexandro
1335 4341 1360 4390 in
1384 4353 1429 4388 ex-

260 4407 395 4472 plicatione
413 4405 552 4473 ἐλλείψεως
568 4408 707 4458 adhibitum
726 4423 782 4459 esse
800 4409 978 4474 comprobatur
997 4408 1060 4458 locis
1078 4408 1111 4474 Sp
1124 4407 1156 4458 111
1175 4409 1257 4471 33143
1279 4409 1324 4458 167
1340 4424 1361 4460 o.
