3586 5260
740 339 958 404 „23-

310 514 500 600 ζητημασιν·
523 513 704 599 ἐπίτροπος
720 513 868 602 ὀρφανὴν
882 515 1084 599 βιασάμενος
1098 521 1242 600 κρίνεται
1258 516 1319 600 μὲν
1334 522 1432 603 κακῆς

308 620 505 703 ἐπιτροπῆς,
530 616 620 693 ἀξιοῖ
642 619 679 684 δὲ
702 620 818 685 δοῦναι
840 624 1000 703 τιμωρίας
1023 619 1081 683 ἐπὶ
1103 622 1142 710 τῇ
1164 623 1233 703 βίᾳ.
1280 624 1348 684 121.
1373 646 1432 685 κα-

264 721 372 788 θόλου
401 722 439 786 δέ
465 740 569 808 φησιν
591 720 803 807 Ἀλέξανδρος
829 723 888 807 την
915 721 1068 806 διήγησιν
1090 722 1185 788 δυοῖν
1212 727 1317 789 ἕνεκεν
1344 721 1432 807 λέγε-

264 830 367 903 σθαι,
397 825 555 900 συνέσεώς
582 850 617 889 τε
643 827 698 890 καί
725 821 912 910 δηλοίσεως,
942 828 1046 889 ταῦτα
1071 825 1108 890 δὲ
1131 827 1161 890 ελ
1183 825 1243 909 μὲν
1265 830 1315 911 ε’ίη
1339 826 1432 911 παρά

228 936 244 990 5
264 940 334 1004 τοῖς
357 929 543 1005 δικασταῖς,
567 929 721 1013 περιττὸν
742 929 780 993 τὸ
803 929 1013 1013 διηγεῖσθαι,
1042 929 1073 992 εί
1099 928 1137 992 δὲ
1159 929 1203 1013 μη“
1227 933 1291 1014 εἴη,
1314 929 1431 1013 διηγη-

193 1036 246 1091 442
266 1029 407 1116 σόμεθα.
447 1035 477 1098 εἰ
499 1033 536 1097 δὲ
557 1033 594 1096 τό
619 1037 728 1117 ἕτερον
750 1029 810 1116 μὲν
833 1036 896 1115 εἴη,
920 1029 1064 1116 θάτερον
1080 1032 1117 1096 δὲ
1132 1032 1190 1117 μή,
1214 1032 1272 1096 διά
1287 1033 1347 1114 μὲν
1361 1029 1430 1095 θά-

262 1159 356 1220 τερον
378 1136 618 1222 διηγησόμεθα.
655 1138 693 1200 τό
717 1136 751 1200 δ’
775 1141 884 1219 ἕτερον
907 1133 947 1199 ἀν
969 1135 1118 1222 ἐλλείπη,
1142 1129 1176 1200 ἐκ
1198 1135 1263 1200 τάν
1285 1138 1431 1200 πίστεων

262 1238 556 1322 κατασκευάσομεν.
607 1240 691 1323 πρὸς
718 1239 779 1322 μὲν
810 1234 868 1303 οὖν
894 1236 931 1302 τό
959 1233 1012 1302 ἀεὶ
1043 1236 1153 1324 (δεῖν)
1184 1238 1380 1321 διηγεῖσθαι
1408 1233 1428 1322 ἦ

262 1338 355 1417 λάσις
378 1342 522 1428 εόδηλος.
569 1345 639 1405 122.
663 1340 823 1418 πολλάκις
845 1341 882 1406 δὲ
904 1342 960 1405 καὶ
983 1343 1067 1425 πρὸς
1088 1338 1265 1425 τυράννους
1287 1339 1307 1424 ἢ
1329 1345 1429 1424 βασι-

211 1451 242 1503 10
261 1443 330 1520 λεῖς
351 1445 500 1529 λέγομεν,
525 1451 560 1510 οῖ
580 1442 638 1510 οόκ
661 1444 702 1510 ἀν
724 1442 920 1525 ἀνάσχοιντο
943 1441 1034 1528 ἡμῶν
1053 1441 1196 1528 ἀνήνυτα
1212 1447 1293 1529 παρ’
1315 1441 1430 1520 αὐτοῖς

261 1547 498 1632 διηγουμένων,
521 1546 594 1613 ἀλλ’
618 1545 720 1624 εὐθὺς
742 1545 1024 1634 ἀπολογήσασθαι
1048 1548 1125 1629 περὶ
1152 1541 1429 1632 τοῦπράγματος

262 1648 492 1730 ἀναγκάζουσι.
532 1655 602 1715 123.
618 1653 701 1735 πρός
717 1652 754 1717 δὲ
768 1653 805 1716 τὸ
823 1648 901 1737 [ὅτι]
920 1649 1062 1736 πότερον
1084 1647 1103 1714 ό
1125 1647 1302 1735 κατήγορος
1323 1674 1429 1734 παρα·

260 1754 371 1839 λείψει
400 1753 420 1840 ἢ
447 1752 465 1820 ό
493 1754 775 1838 ἀπολογούμενος,
804 1756 918 1841 ῥητέον
945 1749 997 1817 ότι
1026 1753 1109 1836 πρός
1134 1753 1191 1838 την
1216 1757 1329 1836 χρείαν
1352 1751 1428 1818 ἑκά-

258 1880 359 1942 τερος.

208 1967 240 2021 15
348 1961 416 2024 124.
453 1960 555 2034 Τάξιν
578 1957 614 2022 δὲ
641 1959 680 2046 τῇ
706 1955 856 2041 διηγήσει
888 1955 921 2022 οἳ
947 1957 1006 2042 μὲν
1024 1954 1302 2043 Ἀπολλοδάρειοι
1332 1964 1425 2042 μίαν,

259 2060 316 2146 την
339 2061 373 2126 ἐκ
395 2063 460 2125 τάν
482 2067 681 2148 προοιμίων,
699 2058 936 2136 ἀποδιδόασιν,
954 2057 1159 2126 ἀκολουθίαν
1175 2064 1261 2125 εἶναι
1277 2062 1425 2140 λέγοντες

259 2165 342 2247 μετά
362 2161 398 2229 τό
421 2167 740 2250 παρασκευασθῆναι
764 2164 847 2249 πρός
870 2160 1029 2248 ἀκρόασιν
1042 2164 1099 2230 τόν
1114 2164 1273 2250 δικαστὴν
1288 2163 1426 2246 ἐπάγειν

259 2266 319 2351 την
340 2266 503 2352 διήγησιν.
574 2273 579 2282 “

344 2371 412 2434 125.
443 2367 654 2456 Ἀλέξανδρος
688 2371 724 2436 δὲ
755 2368 773 2435 ό
806 2372 864 2434 τοῦ
898 2363 1089 2454 Νουμηνίοο
1121 2372 1175 2434 καί
1208 2371 1354 2457 Νεοκλῆς
1388 2370 1424 2437 οὗ

204 2484 238 2538 21)
257 2478 337 2556 μίαν
360 2471 616 2539 ἀποδεδώκασιν
631 2470 712 2564 αὐτῇ
727 2474 833 2550 τάξιν,
850 2470 934 2537 ἀλλά
949 2471 1066 2537 ἄλλοτε
1081 2471 1191 2558 ἄλλην.
1231 2475 1300 2538 126.
1318 2475 1425 2540 ἐνίοτε

299 2577 354 2640 καὶ
371 2576 437 2661 πρό
451 2597 486 2660 γε
507 2579 566 2641 τοῦ
588 2581 781 2661 προοιμίου,
806 2573 933 2642 ὁπόταν
955 2573 974 2640 ό
997 2576 1152 2663 δικαστὴς
1175 2582 1424 2662 προηρεθισμί-

274 2703 353 2756 ινος
375 2677 395 2772 ᾗ
416 2682 472 2744 καὶ
496 2679 622 2766 σπεόδη
646 2680 729 2765 πρός
751 2680 787 2744 τό
811 2683 938 2762 μαθεῖν
959 2679 996 2744 τὸ
1012 2681 1158 2765 πρᾶγμα.
1201 2683 1268 2744 127.
1293 2681 1363 2746 ἔστι
1386 2683 1424 2746 δὲ

321 2820 354 2888 ἕξ
369 2821 425 2885 121,
445 2821 492 2874 128
510 2822 556 2872 AR
573 2821 613 2872 HS
634 2821 663 2872 W
681 2819 727 2873 Vss
746 2820 795 2870 '130
807 2835 860 2875 2-d

322 2943 453 2995 2δοῦναι
469 2940 519 2999 τάς
535 2941 670 3014 μυρίαςΙί
725 2934 984 3010 5διηγησιόμεθαΡ
1003 2958 1061 2992 corr
1078 2942 1111 3008 Sp
1163 2934 1421 3010 idtnynuoipeean

253 3012 304 3061 imo
319 3009 381 3078 (οὐ)
396 3005 586 3080 διηγησόμεθα
599 3013 632 3077 Sp
681 3002 923 3076 1οἀνόνηιαΡοια
936 3009 993 3061 Wil
1041 3010 1421 3078 11διηγουμένων8α1εατίαε

255 3080 271 3128 1.
290 3081 307 3130 l.
326 3097 349 3146 p.
367 3079 413 3129 42:
438 3079 629 3148 διηγεῖσθαιΡ
685 3080 714 3129 12
734 3074 774 3130 ότι
793 3081 834 3130 del
852 3079 975 3147 Ssuppius
1029 3079 1059 3129 17
1077 3070 1192 3145 ἐπάγειν
1212 3078 1335 3145 (δεῖν>11
1388 3080 1421 3130 21)

253 3163 283 3215 γε
296 3147 328 3198 F:
345 3147 403 3200 νεΡ
434 3148 445 3214 ΙΙ
474 3146 637 3221 προηρεθ.Ρ
657 3164 716 3198 corr
734 3148 784 3212 Seg

321 3269 336 3335 ξ
356 3271 401 3323 121
422 3268 457 3321 τὸ
476 3266 593 3336 ἕτερον
610 3260 719 3324 σύνεσιν
737 3285 802 3332 esse,
819 3259 967 3339 θάτερον
984 3263 1133 3333 δήλωσινίί
1150 3276 1221 3319 recto
1234 3268 1309 3319 vidit.
1344 3268 1359 3334 ξ
1374 3270 1420 3320 122

253 3340 317 3402 apud
344 3354 427 3402 regem
454 3340 582 3405 prooemio
610 3355 660 3389 non
688 3339 806 3388 utendum
830 3354 887 3389 esso
910 3339 1014 3388 docetur
1037 3336 1062 3386 in
1081 3334 1102 3388 II
1120 3337 1188 3387 Prot.
1208 3337 1238 3387 do
1255 3336 1309 3388 Inr.
1328 3336 1420 3389 WVil

254 3406 333 3471 6417,
352 3408 441 3473 quibus
458 3409 566 3458 ultorum
584 3409 614 3458 do
635 3407 762 3472 prooemio
781 3406 1006 3472 praetermittendo
1025 3413 1184 3470 praeceptum
1203 3421 1258 3455 oum
1274 3407 1420 3457 Alexandro

254 3491 383 3526 commune
408 3483 448 3526 est
465 3475 498 3526 oi.
516 3475 585 3542 533.
620 3474 697 3540 §123
717 3477 814 3541 quondo
838 3475 921 3525 notori
944 3475 1041 3540 qnando
1064 3488 1108 3523 reo
1133 3475 1283 3524 narrandum
1306 3490 1355 3524 non
1379 3475 1421 3536 sit,

254 3544 368 3608 pluribus
387 3546 489 3610 exponit
502 3544 587 3610 Quint.
601 3543 633 3594 lv
649 3545 663 3593 2
677 3558 737 3598 e-e.
772 3543 787 3607 ξ
802 3544 849 3593 124
869 3542 955 3608 Quint.
967 3541 1000 3593 lv
1013 3543 1029 3592 2
1042 3559 1067 3596 ut
1084 3544 1224 3607 quantor,
1242 3558 1276 3593 on
1288 3545 1420 3610 titutione

252 3615 367 3664 narratio
391 3616 518 3680 prooemio
544 3612 698 3663 redimenda:
726 3612 791 3677 quod
811 3614 855 3677 ηυί
876 3614 1021 3678 opinantur,
1038 3623 1096 3660 ‘non
1115 3614 1224 3676 puerunt
1246 3610 1330 3662 rideri
1351 3611 1421 3664 neila

252 3683 352 3732 rationo
368 3680 445 3732 dooti.
480 3697 541 3732 nom
559 3697 617 3732 oum
632 3684 791 3746 preamium
807 3680 900 3732 idcirco
918 3684 1093 3746 comparatum
1111 3681 1154 3742 rit,
1172 3683 1202 3729 ut
1218 3678 1299 3730 iudeo
1315 3679 1419 3732 adrem

251 3749 426 3816 arripiendum
442 3749 608 3811 conciliatior,
626 3748 734 3812 docilior,
750 3751 875 3810 intentior,
893 3752 919 3798 ot
932 3748 1048 3816 probatio
1066 3749 1119 3797 πίει·
1135 3761 1212 3798 rouro
1228 3750 1303 3814 prius
1320 3752 1420 3815 cognita

154 3863 160 3872 .
251 3833 301 3867 non
320 3821 402 3886 possit
418 3818 538 3881 adhiberi,
560 3821 677 3885 protinus
694 3817 774 3868 iudeo
790 3819 882 3867 notitia
897 3832 986 3867 rernm
1002 3814 1168 3866 instruendus
1185 3818 1293 3879 uidetur,
1316 3816 1361 3868 sed
1375 3818 1421 3868 ίιοο

252 3901 347 3952 quoquo
372 3889 476 3938 interim
501 3890 584 3938 mutat
605 3885 716 3938 conditio
739 3900 874 3936 cannarum
896 3889 941 3935 eto.
976 3883 1009 3950 ἐξ
1030 3883 1162 3934 126-128
1180 3884 1293 3936 Neoclin.
1328 3885 1419 3950 §1²i,

254 3955 302 4006 128
324 3957 409 4022 ιμασὶν
426 3955 575 4006 Theodorei.
610 3953 692 4018 §117
718 3953 752 4008 to
773 3954 813 4019 τῷ
834 3949 915 4004 κατὰ
942 3945 1116 4022 Τιμάρχου
1132 3952 1166 4017 Sp
1188 3953 1214 4002 in
1237 3954 1417 4005 commentario

252 4024 282 4074 ed
296 4023 376 4073 Anax.
396 4040 416 4088 p.
431 4023 480 4073 220
499 4025 525 4074 in
543 4039 572 4073 οο
592 4023 727 4085 offendens,
745 4024 808 4088 quod
821 4021 970 4072 Timaroheu
988 4021 1160 4072 narrationem
1179 4029 1237 4086 post
1254 4022 1417 4086 probationes

251 4092 374 4156 praebere
396 4092 500 4154 dieitur,
526 4091 581 4142 eius
604 4091 794 4156 dispositionem
817 4091 857 4140 his
881 4090 1006 4156 explieat:
1033 4091 1165 4141 exordium
1187 4099 1327 4156 sequuntur
1348 4090 1417 4155 legen

252 4159 268 4224 ξ
281 4161 373 4223 1-36,
390 4167 442 4210 tum
455 4160 584 4210 'I'irnnrohi
601 4160 655 4209 vito
675 4160 820 4225 exponitur,
838 4159 874 4209 in
893 4166 922 4208 ut
935 4160 1092 4210 ooniirmutio
1105 4159 1224 4222 (primum
1236 4153 1278 4209 ὅτι
1290 4154 1417 4228 ἡταίρηκε

253 4227 392 4293 §ro-93,
414 4229 505 4280 deinde
527 4222 571 4279 ὅτι
592 4221 751 4291 κατεδήδοκε
771 4227 817 4279 καί
833 4223 866 4276 τά
884 4217 986 4296 πάτρια
1003 4228 1049 4277 καὶ
1066 4223 1099 4276 τὰ
1117 4222 1197 4279 κοινὰ
1216 4226 1373 4293 §et-115)
1391 4235 1417 4278 ot

253 4295 390 4347 ooniutntio
409 4297 572 4361 §lto-181
591 4296 736 4348 invenietur
759 4304 785 4346 et
808 4296 946 4346 admonitio
965 4295 996 4344 ed
1014 4296 1135 4346 virtutem
1155 4297 1319 4346 exercendem
1339 4312 1417 4362 nsque

253 4365 284 4414 nd
303 4366 492 4416 conclusionem
510 4367 625 4416 addetur.
662 4364 825 4415 Timnroheoo
844 4363 977 4431 dispositio
997 4366 1080 4415 endem
1099 4373 1138 4414 ost
1156 4371 1231 4430 utque
1243 4363 1308 4416 linei
1327 4373 1416 4416 contro
