3590 5262
815 381 1025 447 -XXXII
1072 418 1112 429 -

388 561 460 622 est¹.
504 559 710 640 amphiboliam
733 560 821 640 igitur
842 569 909 640 post
931 568 1043 620 ceteros
1066 568 1126 621 tres
1149 567 1242 621 status
1264 560 1369 639 legales
1391 558 1462 640 poni
1483 560 1554 620 rhe-

388 663 502 726 toribus
526 664 626 724 tritum
651 663 850 744 usitatumque
872 664 962 725 fuisse
985 662 1126 724 videtur².
1170 663 1349 725 contrarium
1372 663 1403 726 iu
1418 663 1496 726 Artis
1519 665 1553 724 de

388 767 485 845 legum
509 766 654 828 solutione
676 776 829 848 praecepto
852 768 961 828 facturn
985 775 1038 839 est,
1061 767 1139 846 qnod
1161 766 1273 827 ratione
1296 766 1393 828 hahita
1416 774 1555 845 quattuor

389 877 520 931 statuum
553 869 687 949 legalium
723 871 922 950 conscriptum
956 878 1009 930 est.
1053 869 1137 931 cuius
1170 869 1256 930 verba
1278 868 1302 929 Ε
1324 873 1341 944 ᾖ
1360 868 1418 930 188
1451 869 1491 930 ita
1524 867 1554 928 in

388 973 411 1032 P
433 973 583 1051 leguntur:
612 972 686 1037 Τῶν
708 971 746 1035 δὲ
768 969 912 1052 ἀτέχνων
935 975 1080 1036 πίστεων
1101 969 1176 1045 τοὺς
1198 971 1257 1053 μὲν
1279 968 1400 1055 νόμους
1415 968 1434 1055 ἢ
1450 967 1555 1053 ἀμφι-

389 1074 488 1156 βολίᾳ
509 1071 671 1160 χρεόμενοι
698 1075 754 1137 καὶ
781 1072 819 1139 οὐ
845 1076 940 1140 τοῦτο
969 1077 1055 1139 εἶναι
1082 1074 1229 1154 λέγοντες
1254 1075 1290 1139 τό
1315 1071 1556 1158 σημαινόμενον

389 1174 462 1241 ἀλλ’
492 1181 612 1262 ἕτερον,
643 1176 663 1262 ἢ
691 1179 747 1261 της
773 1177 833 1260 μὲν
859 1177 986 1252 λέξεωςή
1003 1166 1225 1263 ἀφιστάμενοι
1251 1177 1310 1262 την
1338 1177 1376 1242 δὲ
1403 1174 1557 1242 διάνοιαν

389 1275 590 1355 ἐξετάζοντες
617 1283 675 1346 τοῦ
697 1283 881 1366 νομοθέτου
904 1281 939 1345 ἐκ
960 1282 1025 1346 τῶν
1047 1280 1216 1367 ῥηθέντων
1238 1275 1315 1345 ἀλλ’
1338 1275 1390 1345 ὅτι
1412 1281 1448 1344 τό
1473 1302 1556 1365 προ-

390 1387 540 1466 κείμενον
571 1383 850 1469 συλλογιζόμεθα,
884 1382 905 1469 ἢ
932 1388 1041 1468 ἕτερον
1069 1384 1124 1448 καὶ
1151 1379 1246 1448 αὐτοὶ
1276 1381 1378 1466 νόμον
1406 1379 1559 1448 ἀντεισά-

390 1510 514 1566 γοντες,
537 1485 579 1550 τὰ
599 1487 636 1551 δὲ
659 1491 862 1574 ψηφίσματα
884 1489 939 1551 καὶ
961 1487 1036 1562 τούς
1058 1487 1222 1571 χρησμούς
1244 1489 1354 1552 καὶτὰ
1370 1483 1558 1572 συμβόλαια

391 1588 515 1675 ὁμοίως
542 1584 653 1671 ὥσπερ
680 1591 735 1654 καὶ
757 1591 833 1666 τοός
854 1587 975 1674 νόμους
997 1589 1147 1673 λόσομευ.
1191 1592 1305 1674 primus
1327 1594 1404 1673 leges
1428 1591 1559 1654 solvendi

393 1697 498 1757 modus
520 1691 540 1778 ἢ
563 1690 749 1778 ἀμφιβολίᾳ
766 1743 795 1758 ..
819 1691 895 1758 ἀλλ’
911 1699 1020 1777 ἕτερον
1042 1697 1199 1776 respondet
1221 1705 1299 1758 statu
1314 1695 1558 1776 Amphiboliae

278 1811 281 1817 ’
392 1799 504 1878 (Quint.
523 1798 571 1859 tlt
586 1799 627 1877 9),
651 1799 798 1860 secundus
820 1800 925 1862 modus
948 1796 967 1882 ἢ
989 1799 1044 1882 τῆς
1061 1844 1094 1861 ..
1115 1799 1174 1863 τοῦ
1196 1801 1382 1882 νομοθέτου
1398 1808 1485 1873 statu,
1508 1797 1558 1878 qui

1545 1897 1559 1916 lh

392 1903 573 1982 Scriptum
602 1910 635 1963 et
662 1903 830 1965 voluntas
858 1903 963 1966 dicitur
991 1902 1231 1981 (Quintillo),
1262 1904 1383 1966 ultimus
1412 1903 1516 1964 modus
1539 1923 1558 1983 η

393 2008 502 2088 ἕτερον
528 2052 536 2068 .
564 2052 570 2066 .
604 2000 707 2088 νόμον
740 2000 988 2082 ἆντεισόγοντες
1024 2015 1102 2068 statu
1136 2007 1265 2088 Legum
1298 2005 1558 2071 contrariarum

394 2109 506 2182 (Quint.
522 2109 573 2170 Vll
589 2109 630 2188 7).
674 2111 771 2172 verbis
798 2108 833 2172 ἐκ
858 2109 922 2172 τόν
944 2106 1162 2193 ῥηθέντων..
1187 2107 1453 2193 συλλογιζόμεθα
1476 2108 1559 2171 deni·

393 2233 450 2293 que
465 2214 541 2293 leges
557 2213 686 2275 solvendi
701 2214 823 2275 modum
838 2213 954 2294 exponi,
974 2215 1024 2294 qui
1040 2223 1117 2278 statu
1134 2211 1369 2277 Collectionis
1385 2213 1497 2290 (Quint.
1509 2211 1557 2272 Vll

394 2316 425 2392 8)
459 2317 642 2398 respondeat,
673 2317 732 2377 veri
762 2316 945 2379 simillimum
974 2326 1028 2379 est.
1079 2336 1147 2379 cum
1178 2318 1257 2379 enim
1284 2317 1382 2380 omnia
1409 2312 1559 2397 participia

393 2419 506 2501 periodi
543 2439 630 2500 supra
668 2419 830 2500 adscriptae
863 2441 879 2482 a
912 2421 1000 2482 uerbo
1042 2415 1184 2504 λόσομεν
1216 2423 1375 2503 pendeant,
1415 2417 1559 2481 sententia

393 2521 428 2585 ἐκ
453 2521 522 2586 τοῖν
548 2520 765 2607 ῥηθέντων..
790 2520 1055 2606 συλλογιζόμεθα
1079 2543 1133 2605 pro
1162 2527 1330 2606 parenthesi
1352 2523 1484 2586 habenda
1507 2528 1559 2594 est,

395 2646 452 2706 qna
481 2627 554 2688 alter
585 2627 690 2686 modus
717 2626 794 2705 leges
822 2627 951 2688 solvendi
973 2628 1140 2708 explicetur.
1185 2638 1215 2691 at
1237 2631 1307 2692 haec
1329 2628 1416 2690 verba
1440 2625 1561 2687 minime

394 2740 460 2809 apta
484 2738 554 2791 sunt
569 2729 605 2790 ad
620 2728 837 2804 illustrandum,
860 2731 1008 2810 quomodo
1027 2731 1160 2811 quaestio
1174 2733 1272 2812 legum
1287 2733 1387 2795 latoris
1403 2729 1561 2793 voluntatis

394 2832 572 2894 instituenda
596 2831 642 2893 sit.
686 2832 795 2913 inqua
818 2853 877 2895 non
901 2855 935 2896 ex
955 2835 1063 2915 scripto
1079 2835 1235 2915 quicquam
1252 2837 1406 2917 colligitur,
1431 2835 1480 2896 sed
1503 2852 1561 2912 qua

377 2935 431 2996 -de
458 2954 544 2996 causa
570 2954 686 3015 quoque
714 2937 834 2999 consilio
855 2939 902 2999 lex
925 2939 990 3000 data
1012 2938 1050 3000 sit
1071 2939 1262 3014 examinatur,
1290 2949 1418 3014 utrem,
1448 2938 1483 2999 de
1505 2957 1562 3018 qua

394 3038 499 3118 agitur,
522 3038 591 3100 huic
612 3039 667 3119 legi
682 3040 881 3103 subiciendam
897 3061 957 3103 non
973 3061 1037 3104 esse
1053 3043 1278 3107 demonstretur.
1323 3045 1353 3105 in
1370 3051 1447 3105 statu
1463 3050 1560 3103 autern

395 3141 578 3204 Collectionis
594 3139 708 3207 ἐκτῶν
723 3141 892 3236 ῥηθέντων
907 3143 1141 3223 συλλογίζεται.
1179 3151 1215 3210 cf.
1231 3147 1331 3220 Quint.
1347 3147 1397 3207 VH
1413 3145 1431 3207 8
1446 3178 1458 3216 3
1481 3163 1561 3222 ergo

396 3245 451 3307 hic
477 3253 594 3307 status
623 3246 784 3324 (Collectio)
813 3249 912 3311 ducit
937 3270 978 3312 ex
1004 3270 1056 3325 eo,
1090 3251 1182 3332 quod
1209 3251 1382 3331 scriptum
1413 3257 1479 3323 est,
1513 3249 1560 3321 id,

395 3349 487 3428 quod
509 3349 685 3411 incertum
709 3362 764 3413 est
778 3351 835 3432 (ci.
852 3352 909 3415 Cic.
926 3353 962 3415 de
977 3355 1037 3416 lnv.
1053 3356 1112 3430 ll§
1130 3353 1212 3434 148).
1254 3353 1353 3433 itaque
1375 3354 1405 3414 in
1428 3352 1562 3433 Epitoma

399 3448 457 3536 (ἢ)
482 3449 518 3513 ἐκ
538 3454 604 3515 τῶν
623 3451 815 3537 ῥηθέντων.
833 3502 839 3516 .
856 3502 887 3517 ..
912 3454 1180 3540 συλλογιζόμενοι
1196 3457 1384 3519 scribendum
1400 3475 1464 3518 esse
1480 3453 1562 3517 coni-

397 3555 500 3617 cimus.
544 3555 792 3636 qnemadmodum
816 3561 1055 3640 corrupta‘verba
1077 3561 1184 3624 codicis
1206 3561 1229 3622 P
1252 3556 1322 3622 ἀλλ’
1344 3554 1395 3622 ότι
1417 3557 1454 3621 τό
1478 3579 1562 3638 προ-

397 3652 546 3741 κείμενον
572 3661 699 3723 sananda
728 3663 797 3735 siut,
824 3682 884 3724 non
906 3664 1047 3726 videmus.
1091 3674 1170 3726 recte
1197 3664 1369 3745 particulam
1393 3659 1413 3746 ἢ
1435 3662 1562 3724 additam

397 3772 427 3825 et
448 3763 634 3844 participium
662 3762 929 3847 συλλογιζόμενοι
951 3767 1122 3830 restitutum
1145 3786 1209 3830 esse
1232 3769 1424 3831 confirmatur
1445 3765 1563 3847 Apsinis

466 3985 554 4038 1lust.
572 3987 638 4039 1116
656 4003 689 4053 to,
704 4004 745 4052 8⁸3
766 3987 811 4039 VH
829 3989 903 4040 6-9.
940 3989 971 4041 cl,
990 3991 1106 4052 Harmog.
1126 3989 1194 4057 SplI
1215 3991 1376 4045 lton-141
1392 4008 1426 4054 ιο,
1452 3990 1499 4042 168
1509 4003 1561 4055 sqq.

466 4054 669 4121 ²llermagoras,
691 4057 734 4122 qui
759 4059 854 4124 primus
878 4066 997 4124 quattuor
1016 4066 1097 4110 status
1117 4060 1212 4122 legales
1230 4059 1361 4123 distinxit,
1386 4059 1563 4126 amphiboliam

398 4125 485 4191 tertio,
504 4127 678 4191 syllogismum
688 4127 778 4176 ultimo
792 4127 848 4177 loco
863 4128 1009 4180 collacavit.
1037 4128 1189 4178 Cornificius
1201 4126 1222 4178 ll
1235 4127 1250 4192 ξ
1265 4127 1362 4180 13-18
1376 4129 1462 4179 eodem
1476 4127 1563 4177 ordine

398 4208 460 4242 usus
488 4199 527 4243 est
550 4195 593 4243 scd
616 4195 685 4244 inter
710 4195 769 4245 illus
793 4202 879 4260 partes
903 4196 1096 4247 constitutionis
1121 4197 1250 4261 legitimae
1274 4198 1335 4248 duas
1358 4197 1424 4247 alius
1445 4195 1564 4247 inseruit.

398 4261 464 4326 apud
481 4262 630 4313 Ciceronem
649 4263 680 4312 de
693 4260 745 4315 Inv.
759 4261 780 4313 ll
798 4262 814 4328 ᾗ
829 4264 878 4315 116
897 4266 1131 4315 controversiarum
1150 4267 1177 4315 in
1196 4265 1300 4331 scriptis
1319 4266 1484 4326 versantium,
1503 4277 1563 4329 quas

400 4329 472 4392 dicit,
495 4331 672 4381 controversia
697 4347 730 4382 ex
747 4333 863 4395 ambiguo
888 4340 946 4383 uate
970 4333 1050 4399 prima
1069 4340 1116 4384 est.
1151 4340 1209 4399 post
1226 4334 1315 4383 horum
1334 4335 1416 4398 igitur
1433 4336 1564 4385 rhetorum

400 4405 513 4465 tempore
531 4399 682 4465 amphibolia
700 4401 789 4451 ultimo
808 4400 865 4450 loco
885 4402 1010 4452 collocari
1029 4411 1118 4467 coeptu
1136 4409 1183 4453 est.
