3590 5262
733 404 957 468 -ΙΙΙ-

263 600 389 661 quorum
418 600 542 661 magnus
570 601 713 644 numerus
743 591 799 644 est.
842 581 978 644 librarius
1006 583 1084 644 enim
1113 602 1172 644 non
1200 582 1295 645 solum
1320 582 1434 644 usitatis

264 681 458 762 signis‘eerta
480 686 622 765 quaedam
637 686 793 750 vocabula¹
818 694 848 747 et
867 684 1153 748 exitusverborum¹
1170 685 1324 748 sedetiam
1343 686 1434 747 multa

264 789 402 850 vocabula
434 789 538 869 primis
571 809 673 852 eorum
707 789 813 851 litteris
847 788 1047 868 significarint
1103 790 1254 851 elisionem
1288 788 1434 862 librarius,

264 911 442 972 quamquam
469 893 604 974 pluribus
635 893 822 975 apostrophis
851 912 924 954 usus
946 901 991 954 cst
1012 911 1099 972 quam
1123 893 1266 954 editiones
1288 891 1434 965 exhibent,

265 1004 363 1057 tamen
386 995 522 1077 plurimis
545 997 617 1058 locis
639 998 774 1077 neglexit,
802 996 830 1057 id
853 997 933 1076 quod
955 995 1018 1077 ipse
1040 996 1162 1070 videbis,
1184 1015 1251 1058 cum
1274 995 1305 1056 in
1328 996 1382 1056 bac
1403 1013 1436 1055 re

263 1099 396 1160 recensio
427 1108 528 1161 nostra
557 1100 686 1163 codicem
715 1109 850 1170 accurate
876 1108 1026 1179 sequatur.
1050 1083 1172 1161 'eontra
1198 1099 1235 1165 ab
1257 1118 1291 1160 eo
1313 1097 1437 1160 discedit

264 1202 295 1264 in
318 1204 493 1285 adponendo
514 1203 574 1266 iota
596 1213 680 1266 muto
699 1203 774 1265 etin
791 1203 950 1284 spirituum
966 1211 1176 1264 accentuumre
1191 1201 1269 1264 notis
1284 1201 1436 1275 addendis,

263 1306 372 1388 quippe
394 1327 467 1386 quas
490 1307 584 1370 scriba
607 1327 693 1388 saepe
716 1315 767 1369 ant
789 1305 922 1368 omiserit
944 1316 996 1370 aut
1016 1324 1169 1387 perperam
1192 1304 1353 1386 posuerit&

348 1410 414 1485 Ars,
436 1431 523 1490 quam
547 1411 673 1485 edimus,
696 1421 755 1473 tota
778 1410 814 1472 ab
837 1428 897 1471 uno
919 1410 1038 1472 librario
1056 1419 1170 1471 exarata
1186 1417 1240 1482 est,
1264 1408 1316 1470 sed
1332 1408 1434 1469 eodem

263 1521 436 1588 atramento,
459 1535 518 1594 quo
540 1515 682 1594 quaedam
697 1523 835 1577 renovata
851 1515 923 1577 etin
939 1515 1070 1578 chartula
1087 1513 1194 1594 scripta
1209 1531 1273 1573 esse
1289 1530 1437 1573 memora·

264 1616 369 1691 vimus,
385 1636 477 1698 pauca
493 1628 522 1680 et
536 1618 641 1698 pusilla
658 1619 764 1680 menda
778 1619 890 1699 primae
906 1635 1012 1679 manus
1027 1626 1158 1679 correcta
1174 1625 1254 1676 sunt.
1277 1633 1435 1694 quaecum

263 1738 292 1800 p.
311 1721 349 1781 16
363 1752 387 1790 n
403 1716 546 1796 ἆνκάζει,
567 1741 596 1803 p.
614 1723 654 1784 49
669 1755 681 1792 2
696 1714 843 1799 ἐγοτοὲτω
859 1722 1035 1802 scripsisset,
1052 1739 1141 1802 super
1155 1720 1281 1781 litteram
1298 1717 1437 1799 vprioris

265 1823 345 1886 verbi
367 1823 505 1886 hamulus
527 1844 595 1886 cum
619 1825 734 1887 dnobus
756 1825 885 1906 punctis,
909 1844 967 1904 qno
989 1847 1031 1902 αγ
1054 1823 1276 1904 significaretur,
1300 1831 1330 1884 et
1349 1839 1438 1902 super

333 2028 343 2060 ¹
362 2027 576 2079 Commemoretur
599 2045 657 2079 rara
682 2036 741 2079 nota
765 2029 882 2080 adverbii
903 2025 1004 2096 ὁμοίως
1020 2035 1078 2094 post
1095 2028 1174 2078 verba
1191 2044 1214 2094 p.
1229 2028 1260 2078 50
1275 2042 1287 2081 t
1305 2023 1370 2077 ποτὲ
1387 2025 1438 2093 μὲν

266 2095 357 2162 posita,
376 2098 449 2146 cuius
468 2098 550 2162 imago
563 2098 591 2147 in
605 2097 703 2148 Walzii
715 2097 834 2166 Epistula
852 2101 940 2148 critica
957 2095 992 2148 ad
1003 2095 1200 2166 Roissopada'um
1211 2095 1262 2146 tab.
1277 2095 1330 2146 sub.
1344 2109 1409 2144 num.
1423 2097 1437 2144 3

265 2165 345 2214 multo
366 2165 457 2215 melius
476 2179 596 2231 expressa
615 2174 656 2217 est
673 2182 745 2232 quam
764 2167 789 2216 iu
809 2166 926 2229 Seguerii
945 2167 1066 2216 editione.
1102 2166 1215 2216 circulus
1234 2171 1282 2226 est,
1304 2177 1438 2229 perquem
1492 2197 1493 2200 κ

265 2248 279 2283 a
303 2232 378 2283 laeva
400 2235 431 2284 ad
455 2235 567 2284 deutrum
591 2235 692 2301 obliqua
710 2235 839 2300 percurrit
856 2234 967 2296 hastula,
992 2235 1063 2284 cuins
1081 2235 1149 2300 parti
1168 2233 1295 2298 superiori
1312 2231 1438 2281 hamulum

266 2299 387 2351 efficienti
414 2303 445 2351 ab
472 2311 580 2368 utroquo
606 2304 687 2354 latere
714 2311 832 2370 punctum
860 2303 1002 2369 adpositum
1030 2310 1077 2353 est.
1113 2301 1237 2366 Soguerio
1264 2303 1328 2350 banc
1354 2307 1439 2350 notam

265 2369 353 2420 verbis
378 2361 536 2424 συνεκτικόν
557 2369 632 2424 ἔστιν
652 2373 823 2438 interpretato
842 2372 993 2438 Speogalius
1011 2386 1099 2422 veram
1120 2371 1174 2420 eius
1192 2369 1438 2432 significationem

265 2437 369 2488 Walaio
388 2446 515 2505 repertam
535 2454 590 2490 essa
608 2442 713 2492 monuit.
750 2447 884 2507 praeterea
902 2441 1071 2491 adnotandum
1089 2445 1129 2490 est
1146 2454 1191 2505 pro
1204 2437 1438 2504 praepositionibus

264 2501 322 2557 ἀπὸ
342 2514 369 2558 ct
386 2505 424 2570 ἐκ,
442 2507 493 2557 nisi
511 2509 610 2560 litteris
630 2509 815 2575 exprimuntur,
833 2509 899 2559 idem
917 2510 1015 2572 signnm
1034 2508 1157 2558 adbiberi.
1193 2507 1279 2572 itaque
1291 2513 1349 2556 utra
1362 2520 1438 2571 prae-

265 2576 361 2642 positio
385 2577 498 2642 ponenda
521 2577 565 2640 sit,
588 2593 664 2644 saepe
682 2578 795 2628 dubitari
813 2585 898 2645 potest
916 2593 994 2644 neque
1014 2593 1073 2628 raro
1091 2593 1106 2626 a
1124 2575 1247 2639 Segucrio
1266 2575 1438 2640 discrepantes

265 2644 372 2696 alteram
392 2645 472 2695 certis
491 2646 521 2696 do
540 2647 625 2697 causis
643 2646 818 2712 praetulimus.

333 2711 445 2763 4Ροοοα
463 2714 578 2780 exempla
597 2731 739 2781 proponere
757 2715 835 2765 liceat
853 2730 882 2765 ac
899 2714 979 2781 primu
997 2714 1097 2779 quidem
1114 2713 1161 2762 illa
1182 2711 1254 2774 sigua
1268 2710 1382 2776 syllabus
1395 2725 1439 2780 τερ

265 2789 291 2831 et
313 2798 363 2833 τατ
384 2783 554 2846 comparativi
578 2792 604 2834 et
629 2783 781 2850 superlativi
808 2783 962 2834 denotantia.
998 2797 1061 2847 quae
1088 2797 1143 2832 cum
1168 2781 1237 2831 inter
1258 2795 1286 2832 se
1309 2779 1439 2831 simillima

265 2851 327 2914 sint,
349 2850 489 2913 Seguerius
507 2868 529 2917 p.
544 2851 613 2904 4910
630 2842 819 2923 edpvdpciespa
842 2867 887 2918 pro
907 2851 1065 2917 superlativo
1085 2851 1153 2899 dedit
1176 2856 1210 2913 et,
1228 2863 1284 2898 cum
1302 2857 1359 2914 post
1376 2849 1439 2925 baec

266 2920 340 2980 signu
358 2919 551 2970 terminationes
571 2921 640 2970 nulla
659 2928 719 2970 uota
737 2920 889 2985 indicentur,
910 2919 976 2971 salso
995 2919 1100 2984 scripsit
1112 2935 1134 2984 p.
1149 2917 1215 2970 181⁶
1231 2915 1439 2980 dnaxrrxomcrn,

266 3003 289 3053 p.
302 2987 334 3037 25
345 3004 370 3042 at
389 2989 626 3058 παραβολωτέρως,
648 3005 794 3055 quamquam
812 2989 947 3054 utrobique
959 2995 1080 3038 accentus
1098 2987 1204 3038 litterae
1218 3001 1239 3036 ω
1251 2987 1440 3051 superscriptus

266 3063 313 3117 cst,
328 3072 377 3122 qua
389 3071 418 3106 re
430 3047 647 3110 ἐπακτικώτατον
660 3065 686 3107 ct
699 3053 927 3128 παραβολώτερον
935 3056 1068 3119 legendum
1081 3070 1137 3106 esse
1151 3060 1228 3120 patet.
1246 3062 1353 3104 accentu
1364 3055 1440 3103 etiarn

266 3139 290 3188 p.
303 3125 362 3179 447
380 3141 426 3191 pro
445 3125 533 3175 dativo
551 3127 669 3196 τροπικῇ
689 3125 845 3188 Segueriauo
864 3126 1023 3176 scribendum
1042 3140 1100 3175 asse
1114 3117 1228 3192 τροπικὴ
1241 3125 1440 3182 demonstratur,

267 3209 323 3244 uam
346 3193 468 3257 ligatura,
490 3209 553 3260 quae
577 3210 623 3260 pro
646 3194 747 3262 syllaba
771 3211 798 3244 ικ
821 3201 967 3259 usurpatur,
991 3209 1038 3243 non
1063 3193 1252 3242 circumflexum
1276 3192 1320 3242 sed
1340 3197 1441 3240 acutum

267 3259 326 3310 fert.
370 3261 475 3342 syllabat
499 3279 534 3319 ως
561 3272 619 3313 noto
648 3262 795 3328 compendio
822 3262 997 3326 significatur,
1030 3261 1096 3327 quod
1128 3260 1268 3325 ubicunque
1294 3259 1441 3309 adverbium

268 3331 424 3394 pronominis
442 3347 518 3388 ουτος
535 3331 641 3396 legitur,
660 3332 757 3382 litteris
776 3325 823 3381 οὔτ
841 3331 965 3382 adnexum
984 3336 1033 3394 est,
1050 3345 1098 3394 qua
1117 3330 1148 3378 de
1167 3343 1242 3379 causa
1261 3321 1346 3383 οὕτως
1363 3325 1440 3376 etiam

269 3405 328 3448 ante
347 3413 470 3448 consonas
488 3399 563 3449 nobis
581 3401 704 3451 edendum
721 3407 769 3450 est.

335 3465 401 3517 ³Ci.
421 3483 442 3516 e.
461 3482 485 3529 g.
504 3484 526 3533 p.
542 3467 619 3528 3711,
633 3484 659 3523 aa
677 3469 720 3518 ubi
742 3464 882 3539 μάρτυρας
904 3476 931 3518 et
952 3467 1102 3538 μαρτυρίας
1124 3465 1161 3515 ita
1178 3463 1299 3531 ¹breviata
1322 3467 1390 3525 sunt,
1413 3467 1442 3511 ut

268 3550 345 3600 supra
362 3534 487 3602 syllabam
504 3553 562 3608 μαρ
579 3537 669 3587 littera
686 3554 701 3586 τ
719 3553 773 3586 eum
786 3537 900 3602 ligatura
912 3537 1016 3602 quadam
1029 3541 1176 3600 poneretur,
1196 3533 1240 3583 sed
1253 3548 1310 3582 eum
1322 3537 1441 3581 accentus

267 3611 320 3654 turn
346 3605 471 3654 articulus
498 3613 583 3655 rectae
608 3605 727 3656 lectionis
751 3605 845 3656 iudicia
868 3611 935 3666 aunt,
963 3604 1054 3671 quibus
1078 3602 1204 3665 neglectis
1223 3599 1361 3663 Seguerius
1385 3600 1441 3648 loco

267 3669 390 3723 inferiore
408 3671 473 3723 salso
490 3669 553 3730 τοὺς
568 3669 709 3745 μάρτυρας
725 3673 804 3725 dedit.
839 3674 935 3736 singuli
952 3688 1025 3723 casus
1038 3671 1162 3722 adiectivi
1173 3667 1283 3726 ἕκαστος
1296 3668 1441 3734 plerumque

267 3741 367 3792 litteris
393 3739 429 3806 ἔτι,
456 3742 546 3807 quibus
572 3743 684 3806 ligatura
710 3743 793 3793 adfixa
820 3749 847 3793 et
873 3760 891 3792 α
913 3741 1114 3808 superscriptum
1136 3747 1185 3803 est,
1213 3737 1391 3814 significantur
1412 3743 1442 3786 ut

268 3826 291 3876 p.
304 3811 386 3873 41173
403 3825 453 3860 unc
471 3811 528 3860 loco
546 3827 571 3876 p.
583 3811 652 3866 361⁶
670 3812 741 3862 modo
760 3814 789 3863 εῖτ
808 3817 888 3873 extat,
907 3826 920 3861 a
939 3827 987 3877 quo
1000 3809 1139 3871 Saguerius
1157 3809 1223 3858 baud
1236 3813 1306 3856 recte
1319 3803 1443 3874 ἑκατερον

268 3878 360 3929 effecit.
392 3879 548 3945 Spengelius,
566 3879 608 3945 qui
620 3882 701 3931 verba
714 3881 760 3930 καὶ
771 3873 895 3948 ἑκάτερον
907 3877 1025 3942 intellegi
1038 3893 1086 3926 uon
1100 3891 1174 3943 possa
1187 3881 1214 3925 et
1226 3875 1313 3926 verbis
1327 3873 1443 3940 superio·

267 3947 340 3998 ribus
358 3942 456 4002 ἁπλοῖς
471 3946 523 4016 μὲν
539 3948 627 3999 εἰπεῖν
644 3951 795 3999 seutentiam
813 3955 859 3998 eut
872 3947 1001 4011 singultim
1014 3947 1142 3996 nicomas,
1155 3943 1247 4009 opponi
1260 3943 1353 3993 debere
1366 3942 1442 4004 vidit,

267 4014 329 4067 καθ’
347 4012 461 4070 ἕκαστον
482 4018 614 4081 legendum
638 4033 694 4067 esse
717 4017 835 4068 coniecit.
871 4031 934 4082 quaa
957 4015 1103 4066 coniectura
1126 4013 1223 4064 codicis
1246 4011 1304 4062 Par.
1329 4012 1442 4061 lectione

268 4091 340 4134 reete
358 4085 489 4150 explicata
507 4086 612 4149 egregio
630 4086 800 4137 confirmatur.

336 4152 490 4220 ⁴Persaepe
508 4153 637 4222 bisyllaba
656 4155 783 4217 enclitica,
801 4167 864 4220 quae
878 4152 994 4215 dicimus,
1012 4159 1131 4202 accentus
1142 4150 1244 4214 babent,
1264 4149 1306 4215 qui
1319 4147 1442 4215 proximis

268 4222 356 4272 verbis
374 4222 504 4272 tribuendi
522 4229 588 4273 suut.
624 4239 669 4289 pro
689 4223 866 4274 coniunctione
883 4220 955 4289 μηδὲ
972 4220 1039 4270 haud
1057 4235 1115 4270 raro
1133 4215 1172 4285 μὴ
1191 4215 1220 4270 dt
1238 4226 1264 4268 et
1281 4234 1304 4283 p.
1317 4217 1377 4268 aes
1396 4231 1441 4281 pro

268 4290 397 4341 adiectivo
423 4290 560 4360 μηδεμίαν
585 4287 625 4357 μὴ
652 4289 681 4343 dd
705 4294 776 4358 μίαν
802 4291 911 4357 positum
938 4297 985 4340 est.
1022 4287 1158 4339 nonnullae
1185 4286 1291 4352 denique
1317 4284 1443 4350 syllabae,

269 4359 361 4425 quibua
384 4360 558 4410 circumflexus
581 4361 697 4421 debetur,
719 4368 794 4411 acuto
816 4367 861 4409 aut
877 4359 952 4423 gravi
970 4359 1111 4408 instructae
1130 4363 1189 4408 suut
1206 4363 1236 4405 ut
1253 4371 1277 4421 p.
1291 4354 1306 4402 2
1320 4370 1333 4406 e
1349 4357 1442 4419 μίσος,

271 4443 292 4494 p.
307 4428 339 4478 33
354 4445 366 4484 s
384 4419 479 4495 διπλῆ,
501 4445 526 4494 p.
539 4429 598 4482 392
616 4425 710 4480 danici.

1248 4507 1282 4561 a*
