3590 5262
643 1312 1036 1416 PRAEFATIO.

338 1703 455 1763 Aestate
487 1702 554 1763 anni
590 1701 671 1762 1887
705 1702 815 1762 adfines
848 1701 1006 1775 carissimi,
1040 1701 1147 1780 quibus
1181 1701 1260 1764 hunc
1291 1705 1421 1766 libellum

245 1826 369 1874 ,sacrum
393 1826 457 1868 esse
479 1806 566 1879 volui,
589 1824 656 1876 cum
680 1805 710 1865 in
735 1824 781 1866 me
805 1806 912 1866 saltum
930 1805 1200 1883 Teutoburgensem
1223 1819 1421 1886 pererrantem

254 1910 434 1983 incidissent,
458 1910 612 1988 benignam
635 1908 837 1969 invitationem
861 1908 934 1969 mibi
956 1909 1134 1982 obtulerunt,
1158 1919 1192 1970 ut
1214 1930 1245 1971 se
1268 1914 1423 1975 comitarer

253 2013 399 2074 Lutetiam
421 2013 612 2085 Parisiorum,
633 2011 664 2072 in
687 2012 790 2072 urbem
814 2031 906 2072 suam.
952 2012 1000 2073 ubi
1021 2012 1155 2074 Udalrico
1179 2014 1215 2075 de
1231 2015 1422 2079 Wilamowitz

253 2127 372 2178 auctore
404 2119 482 2178 inter
514 2117 568 2178 alia
602 2134 782 2196 anonymum
817 2124 972 2177 tractatum
1007 2117 1186 2178 rhetoricum
1220 2120 1327 2181 codicis
1356 2122 1421 2182 Par.

253 2222 302 2282 Gr.
320 2220 401 2282 1874
424 2219 543 2292 contuli,
567 2239 626 2298 quo
647 2219 872 2280 fundamentum
897 2239 987 2282 novae
1010 2220 1146 2282 editionis
1161 2222 1297 2284 iacerem.
1342 2243 1422 2286 nunc

251 2324 360 2384 librum
388 2323 551 2384 emissurus
574 2325 668 2382 facere
695 2341 754 2383 non
778 2341 909 2401 possum,
944 2322 1016 2402 quin
1038 2323 1144 2401 gratias
1167 2344 1253 2404 quam
1279 2326 1421 2388 maximas

252 2430 377 2489 referam
399 2438 429 2488 et
451 2426 614 2488 illustribus
636 2426 799 2488 rectoribus
822 2413 1016 2487 Bibliothecae
1039 2427 1185 2490 Parisinae
1208 2438 1237 2490 et
1252 2428 1421 2492 Hermanno

253 2533 368 2612 Sauppe
390 2539 478 2610 atque
493 2530 626 2592 Udalrieo
650 2532 684 2591 de
700 2530 900 2603 Wilamowitz,
923 2531 1160 2612 praeceptoribus
1184 2533 1295 2613 optime
1318 2535 1420 2595 deme

252 2635 374 2696 meritis.
419 2634 455 2695 ab
481 2634 597 2694 illorum
627 2635 703 2695 enim
732 2633 902 2696 liberalitate
931 2634 1130 2696 intercedente
1157 2635 1258 2698 Garolo
1286 2637 1420 2700 Dziatzlro

250 2738 414 2817 impetravi,
446 2749 480 2799 ut
507 2739 570 2798 cod.
594 2737 683 2811 1874,
711 2737 742 2798 in
768 2757 827 2817 quo
857 2738 1022 2818 complures
1045 2739 1124 2799 locos
1146 2739 1253 2801 iterum
1276 2741 1420 2822 inspicere

251 2841 413 2920 cupiebam,
441 2851 471 2900 et
493 2841 556 2902 eod.
580 2839 672 2915 2922,
700 2860 787 2919 quem
815 2840 907 2902 labori
931 2861 996 2903 meo
1019 2861 1124 2921 magno
1145 2844 1207 2904 fore
1230 2845 1297 2906 usui
1319 2865 1419 2926 spera-

251 2945 327 3017 bam,
362 2944 528 3024 Gottingam
563 2945 764 3019 mitterentur3
798 2944 828 3005 bi
861 2964 977 3006 summa
1010 2946 1209 3008 benevolentia
1243 2949 1324 3029 operi
1355 2970 1419 3011 meo

250 3046 365 3107 assidue
398 3050 533 3107 laverunt
565 3066 661 3126 neque
695 3067 835 3126 umquam
869 3050 1033 3111 consulenti
1067 3051 1138 3111 mibi
1172 3052 1338 3114 defuerunt
1382 3054 1417 3114 ad

250 3149 430 3210 emendanda
452 3150 539 3211 verba
569 3150 662 3231 ipsius
689 3160 830 3212 tractatus
857 3161 1000 3231 quantum
1024 3155 1212 3229 contulerint,
1246 3156 1342 3217 omnis
1364 3176 1417 3236 pa-

250 3250 316 3328 gina
342 3251 477 3312 editionis
507 3252 620 3324 clamat,
654 3254 684 3314 in
707 3254 895 3316 instituendis
917 3257 1146 3336 quaestionibus,
1181 3277 1255 3337 quae
1277 3259 1415 3337 Prolego-

250 3353 344 3413 menis
366 3355 563 3430 continentur,
587 3368 730 3436 quantum
751 3359 879 3421 consiliis
895 3361 956 3422 suis
972 3379 1019 3421 me
1034 3361 1206 3435 adiuveriut,
1230 3362 1287 3425 dici
1303 3363 1413 3441 nequit.

332 3479 441 3541 Dabam
466 3481 616 3561 Gottingae
639 3483 713 3545 Non.
735 3485 819 3548 Febr.
903 3471 905 3475 ⁵
