3590 5262
813 401 853 410 -
899 363 1033 430 LXVIII
1078 401 1119 410 -—

472 543 711 624 Harpocrationis
727 542 762 604 de
777 541 940 604 elocutione
955 547 1117 622 praecepta,
1141 558 1267 621 quornm
1283 546 1395 621 partem
1413 538 1547 619 Epitome

387 647 630 726 §§138-142,
652 655 765 727 partem
789 649 825 721 ἓξ
841 644 1017 708 att-252
1040 643 1167 717 exhibet,
1190 642 1265 722 apud
1290 642 1452 704 Cornutum
1477 660 1546 703 cou-

388 753 487 814 iuneta
510 751 601 813 fuisse
624 769 712 830 supra
742 748 1016 810 demonstravimus.
1064 767 1137 827 quae
1169 747 1344 827 epitomator
1370 745 1401 807 iu
1428 745 1549 825 siugulis

388 855 554 927 mutaverit,
576 854 664 916 statui
688 852 798 932 nequit,
821 871 889 914 cum
912 851 1011 914 nullus
1034 851 1107 912 alius
1130 850 1231 912 rhetor
1246 849 1346 912 eadem
1362 848 1548 930 excerpserit.

388 958 517 1039 Dionysii
548 957 674 1036 denique
702 963 852 1037 praecepta
881 955 917 1017 ab
943 956 1136 1036 epitomatore
1163 972 1222 1015 non
1246 953 1373 1015 breviata
1396 971 1460 1014 esse
1482 971 1550 1033 per-

388 1081 508 1124 suasum
528 1061 681 1132 habemus,
703 1079 771 1122 nam
792 1079 895 1122 omnes
917 1059 972 1121 loci
987 1078 1101 1132 eorum,
1123 1057 1174 1138 qui
1189 1077 1256 1120 cum
1273 1057 1406 1137 genuinis
1421 1055 1550 1136 Dionysii

389 1165 485 1228 verbis
508 1164 682 1244 discrepant,
704 1162 890 1226 librariorum
913 1163 1024 1225 incuria
1047 1161 1178 1243 corrupti
1200 1180 1264 1224 esse
1287 1161 1431 1224 ridentur.

653 1499 713 1576 llll
741 1499 948 1576 GORNUII
974 1497 1287 1576 AUCTORIBUS.

476 1643 509 1702 lu
532 1639 702 1720 quaestione
724 1639 759 1700 de
775 1639 897 1701 Cornuti
913 1640 990 1701 Artis
1013 1639 1180 1700 sanctoribus
1200 1639 1379 1700 instituenda
1395 1637 1552 1718 scriptores

392 1743 565 1824 antiquioris
588 1743 700 1815 aetatis,
721 1761 846 1823 quorum
871 1763 886 1804 e
908 1742 990 1804 libris
1013 1759 1105 1804 unum
1129 1743 1224 1803 duove
1243 1749 1394 1822 praecepta
1410 1741 1553 1802 rhetorica

391 1847 513 1928 repetita
541 1855 623 1916 sunt,
658 1854 691 1906 ut
718 1845 883 1919 Platonem,
917 1847 1119 1919 Aristotelem,
1153 1845 1315 1916 Zenonem,
1349 1844 1553 1925 Chrysippum,

391 1947 561 2028 Dionysium
586 1947 898 2023 Halicarnassensem¹,
922 1968 981 2010 non
1004 1967 1151 2010 curamus.
1195 1950 1226 2011 in
1249 1967 1299 2009 eos
1321 1949 1454 2009 rhetores
1476 1948 1554 2008 solos

391 2050 560 2130 inquisituri
594 2070 710 2120 sumus,
744 2071 870 2131 quorum
904 2072 939 2114 ex
972 2052 1083 2114 artibus
1110 2050 1258 2113 Cornutus
1292 2051 1399 2112 multas
1428 2049 1553 2111 maiores

394 2163 492 2235 partes
516 2154 678 2235 descripsit,
701 2155 969 2236 Harpocrationem,
992 2155 1198 2228 Alexandrum,
1221 2154 1367 2216 Neoclem.

478 2256 735 2338 Harpocrationem
773 2260 899 2320 eundern
933 2260 1080 2320 rhetorem
1116 2277 1179 2320 esse
1214 2257 1435 2330 contendimus,
1472 2255 1555 2318 cuius

394 2359 565 2421 scholiastae
588 2360 778 2440 Hermogenis
802 2363 837 2423 de
859 2362 983 2424 statibus
1006 2362 1072 2422 libri
1095 2362 1210 2442 saepius
1233 2359 1414 2422 mentionem
1437 2359 1555 2420 iaciunt.

394 2483 410 2524 e
425 2463 625 2542 compluribus
640 2463 710 2524 locis
727 2464 909 2526 Scholiorum
927 2465 977 2544 (cl.
992 2465 1057 2527 adn.
1073 2465 1150 2526 XXV
1164 2471 1188 2543 ³)
1203 2465 1284 2525 hunc
1298 2462 1556 2544 Harpocrationem

394 2565 570 2647 Hermogeni
592 2567 775 2627 adversatum
799 2585 871 2641 esse,
895 2568 944 2629 sed
968 2587 1034 2630 eurn
1058 2567 1302 2651 antefldornutum
1326 2567 1416 2628 fuisse
1439 2586 1474 2627 ex
1497 2585 1556 2627 unc

395 2669 508 2749 Syriani
539 2669 603 2730 loco
634 2669 684 2748 (W
699 2669 735 2730 lV
751 2669 812 2731 298
829 2671 866 2750 22)
899 2672 1109 2733 conclusimus.
1153 2669 1413 2751 Harpocrationem
1447 2678 1554 2741 autem,

394 2773 478 2834 cuius
501 2774 661 2851 fragmenta
677 2773 745 2834 Arte
767 2793 784 2834 a
806 2773 890 2835 nobis
912 2775 1047 2836 restituta
1069 2774 1304 2845 continebantur,
1326 2772 1431 2834 Neocle
1446 2783 1475 2834 et
1490 2773 1556 2833 hle-

394 2876 504 2936 xandro
526 2883 619 2937 aetate
641 2876 809 2937 inferiorem
831 2876 922 2938 fuisse
937 2897 971 2938 eo
987 2879 1186 2952 confirmatur,
1210 2877 1287 2957 quod
1303 2876 1351 2937 ille
1365 2877 1401 2937 de
1416 2877 1557 2957 epentby-

394 2986 521 3040 memate
547 2979 635 3040 rerba
663 2979 732 3041 iecit
758 2979 1320 3061 (th1011-4111„,u§250).
1375 2999 1443 3041 cum
1478 2979 1556 3040 eninr

394 3083 493 3143 nullus
527 3082 626 3143 rhetor
659 3091 726 3144 ante
757 3079 971 3164 Hermogenem
1006 3083 1060 3164 (Sp
1081 3083 1108 3145 H
1128 3081 1203 3162 220)
1237 3092 1266 3144 et
1300 3079 1557 3163 Harpocrationem

462 3291 471 3324 ¹
490 3293 555 3344 Num
567 3295 692 3344 Cornutus
709 3295 756 3344 bos
775 3294 915 3360 scriptores
928 3309 1012 3345 omnes
1025 3294 1079 3360 ipse
1093 3293 1195 3358 adierit,
1214 3292 1288 3344 valde
1302 3292 1453 3342 dubitamus.
1488 3307 1559 3358 quern

394 3359 549 3412 Aristotelis
576 3369 602 3410 et
628 3359 755 3412 Theodori
782 3363 812 3412 de
839 3363 993 3413 narrationis
1021 3363 1160 3414 virtutibus
1185 3361 1263 3414 verba
1288 3361 1321 3422 (H
1339 3359 1443 3426 §5102
1463 3361 1522 3423 103)
1544 3376 1558 3409 e

394 3426 496 3478 Neoclis
524 3436 580 3480 arte
607 3431 742 3496 sumpsisse
768 3439 865 3481 eertum
892 3439 932 3482 est
959 3439 984 3481 et
1007 3431 1087 3482 eidem
1111 3431 1222 3482 Zenonis
1246 3431 1307 3481 lines
1329 3429 1511 3496 paradigmatis
1533 3435 1560 3480 et

395 3498 550 3547 narrationis
578 3498 665 3549 deberi
692 3500 749 3550 veri
776 3499 859 3549 simile
885 3507 932 3550 est.
967 3497 1077 3550 Neocles
1100 3501 1173 3560 euim,
1202 3499 1243 3565 qui
1266 3499 1307 3558 (ut
1324 3499 1413 3550 Cicero
1436 3498 1465 3547 de
1483 3494 1561 3548 Inv.I

394 3563 461 3629 §49
482 3562 513 3616 ei.
532 3567 588 3615 adu.
602 3566 650 3616 LX
664 3571 687 3630 n)
713 3568 881 3633 comparabile
908 3575 963 3619 tres
989 3569 1082 3618 hahere
1110 3569 1206 3634 speeies
1233 3567 1333 3632 docuit,
1359 3566 1459 3617 nornine
1486 3580 1560 3631 para-

395 3633 511 3696 digmatis
536 3642 561 3685 et
582 3636 738 3697 generaliter
761 3651 822 3686 usus
847 3643 885 3686 est
907 3637 933 3686 iu
956 3637 1022 3686 omui
1046 3636 1166 3687 similium
1189 3635 1349 3702 adpositione
1373 3635 1405 3695 (H
1422 3633 1439 3700 ᾖ
1454 3636 1512 3696 151)
1534 3640 1560 3684 et

395 3702 541 3766 specialiter
557 3705 584 3753 in
603 3705 650 3766 eis,
668 3719 731 3769 quae
750 3719 833 3754 rerum
852 3712 978 3768 gestarum
997 3705 1150 3755 auctoritate
1164 3705 1278 3754 nituntur
1290 3701 1333 3763 (ei.
1347 3701 1432 3767 Quint.
1445 3703 1468 3753 V
1483 3706 1510 3754 11
1527 3706 1559 3765 t).

395 3776 424 3819 ut
446 3777 534 3834 autem,
559 3772 618 3836 quid
641 3780 709 3822 esset
731 3773 883 3837 paradigma,
906 3773 929 3822 si
947 3788 1035 3823 nomeu
1055 3773 1203 3838 specialiter
1221 3779 1395 3838 usurparetur,
1414 3778 1561 3836 exponeret,

395 3836 506 3888 Zenonis
525 3839 596 3889 linem
613 3841 731 3890 adhibuit
748 3840 795 3901 (W
806 3842 825 3891 V
840 3841 889 3892 396
904 3857 961 3894 a=
973 3841 993 3890 H
1007 3840 1023 3906 ξ
1038 3843 1097 3905 156)
1114 3850 1141 3892 et
1158 3843 1292 3892 secuudum
1310 3841 1374 3890 hunc
1390 3855 1460 3890 suam
1472 3855 1561 3908 napu-

394 3905 474 3970 βολῆς
491 3905 661 3958 definitionem
680 3909 753 3959 linxit
770 3909 852 3969 (WV
871 3909 919 3958 ³95
933 3913 978 3972 ns).
1014 3911 1072 3961 iude
1090 3909 1234 3974 colligimus
1252 3908 1361 3959 Zenonis
1380 3907 1453 3958 linem
1473 3922 1561 3957 narra-

395 3974 472 4024 tionis
490 3975 522 4036 (II
541 3974 622 4040 148),
645 3978 687 4042 qui
705 3975 808 4028 Neoclis
826 3977 913 4028 verbis
932 3979 1105 4042 continuatur,
1125 3979 1206 4044 ipsum
1224 3991 1320 4043 qnoque
1338 3993 1352 4026 e
1370 3975 1474 4026 Nouello
1492 3976 1560 4026 libro

395 4041 419 4092 iu
437 4042 543 4093 Cornuti
567 4045 653 4095 Artem
675 4047 869 4110 transscriptum
893 4062 957 4098 esse.
993 4047 1016 4096 si
1039 4047 1119 4111 igitur
1141 4047 1197 4098 iure
1219 4044 1339 4096 Neoclem
1364 4045 1475 4095 Cornuto
1498 4045 1560 4094 duos

395 4109 504 4162 Zenonis
522 4113 583 4162 fines
601 4114 776 4179 suppeditasse
794 4116 922 4179 sumimus,
940 4131 1026 4166 eornm
1044 4123 1173 4167 auctorem
1193 4114 1319 4165 Zenonem
1338 4113 1476 4164 Citiensem
1496 4127 1560 4176 esse,

396 4178 422 4228 id
449 4182 512 4245 quod
540 4181 676 4232 Strillerus
701 4182 739 4232 ue
762 4181 906 4233 Stoicorum
931 4185 999 4236 stad.
1022 4185 1083 4234 rhet.
1107 4183 1188 4235 Brcsl.
1211 4181 1416 4233 Patt.Att.12
1435 4183 1486 4248 pt
1515 4196 1560 4247 pro

396 4255 466 4297 certo
485 4247 612 4300 affirmare
631 4251 731 4304 veritus
749 4259 797 4314 est,
816 4252 894 4302 multo
914 4253 1072 4318 probabilius
1090 4252 1127 4302 lit.
1163 4268 1217 4301 nam
1235 4251 1355 4303 Neoclem
1373 4266 1448 4316 saepe
1467 4249 1561 4300 doctri-

396 4331 451 4435 pqpp
473 4316 620 4438 2S2tpico2rpgnr
647 4326 760 4370 secutum
786 4321 1002 4384 deprehendimus.
1039 4319 1071 4371 ef.
1094 4321 1298 4371 commentarium
1322 4320 1354 4370 ad
1371 4318 1404 4385 ἓξ
1424 4320 1479 4383 119,
1505 4318 1561 4384 113,

447 4424 454 4448 ,
524 4415 554 4424 -
608 4424 614 4438 .
