3586 5260
873 472 1065 533 ..4...

474 649 521 709 14.
558 645 730 732 Προσοχην
757 645 794 710 δὲ
822 639 993 732 άπεργάση
1023 645 1057 710 ἔκ
1083 669 1117 710 τε
1145 646 1209 710 τῶν
1231 648 1479 730 προειρημένων
1501 647 1556 708 καλ

386 748 471 832 πρός
493 747 621 824 τούτοις
644 752 675 813 ελ
698 746 892 824 ἀξιόπιστος
914 755 1068 835 φαίνοιο,
1091 755 1146 814 καλ
1170 748 1266 824 εἰδώς
1288 749 1365 832 περὶ
1389 742 1433 814 οἷν
1452 748 1557 828 λέγεις

385 851 441 917 καὶ
463 851 557 937 ἕτερά
578 875 654 920 τινα
676 851 893 937 ἐπιστάμενος
916 858 1065 938 φαίνοιο,
1095 851 1115 938 ἢ
1139 851 1271 918 πολλῶν
1293 855 1449 936 ἔμπειρος
1471 855 1555 917 εῖναι

387 950 593 1041 πραγμάτων
622 969 828 1040 προσποιοίο
856 957 875 1044 ἢ
906 956 1001 1032 αὐτὸς
1025 956 1201 1042 πειραθεὶς
1228 954 1327 1039 ἢκαλ
1352 958 1428 1041 παρ’
1453 953 1558 1019 ἄλλων

387 1065 618 1146 παραθέντων
640 1059 777 1146 μαθιδν,
801 1064 855 1126 καὶ
880 1059 1153 1146 [συμβουλεύσας]
1178 1057 1289 1143 ὥσπερ
1305 1058 1323 1125 u‘
1339 1061 1417 1143 παρ’
1430 1057 1558 1145 Ὁμήρῳ
1577 1071 1594 1125 5

387 1168 424 1246 (Α
442 1167 519 1247 260)
546 1170 680 1249 Νέστωρ
704 1165 829 1245 εἰσάγει
853 1163 970 1230 ἑαυτὸν
991 1175 1062 1239 τοῖς
1086 1164 1162 1249 περὶ
1185 1167 1311 1227 Καινέα
1333 1165 1388 1227 καὶ
1406 1160 1559 1236 Ἐξάδιον

300 1305 371 1349 pm,
388 1266 678 1353 συμβουλεύσαντα
715 1270 772 1332 καὶ
810 1265 861 1334 ὅτι
895 1266 1072 1354 πειθήνιοι
1106 1264 1190 1352 ἦσαν
1223 1264 1328 1352 αύτῷ,
1369 1261 1472 1342 οὕτως
1504 1268 1559 1330 καὶ

301 1372 548 1458 Ιλθτπρότερον
578 1372 676 1457 δῆλος
703 1375 771 1457 είης
799 1374 855 1437 καὶ
884 1369 981 1446 αὐτός
1007 1369 1275 1457 (συμβουλεύσας
1297 1367 1371 1450 καὶ)
1398 1364 1439 1444 οἷς
1459 1370 1462 1454 i
1484 1391 1559 1432 πει-

388 1479 524 1550 σθέντες
553 1477 614 1559 μὲν
641 1467 881 1561 κατώρθωσαν,
914 1477 958 1560 μὴ
986 1477 1183 1549 πεισθέντες
1210 1474 1247 1538 δὲ
1276 1471 1458 1539 ἀπόλοντο.
1509 1477 1558 1536 15.

387 1582 442 1642 καὶ
475 1577 512 1643 τό
546 1578 706 1663 ἐπιτιμᾶν
739 1579 777 1642 δὲ
809 1590 878 1654 τοῖς
910 1577 1021 1652 ἄλλοις
1053 1575 1143 1642 δοκεῖ
1173 1576 1342 1662 προσοχὴν
1369 1578 1424 1641 καὶ
1453 1574 1630 1661 φόβονΔιθ

386 1693 507 1760 κινεῖν,
545 1684 601 1746 καὶ
635 1685 665 1745 εί
697 1677 824 1766 νόμιμα
855 1681 962 1761 λέγειν
995 1692 1220 1764 προσποιοίο,
1258 1682 1313 1744 καί
1347 1682 1378 1744 εί
1409 1678 1429 1765 ἢ
1462 1677 1559 1755 αὐτὸς

387 1785 519 1860 ἔνδοξος
552 1790 688 1867 φαίνοιο
722 1784 742 1870 ἢ
774 1794 845 1860 τοῖς
876 1786 941 1850 τάν
974 1786 1116 1860 ἐνδόξων
1149 1782 1402 1870 προσχρώμενος
1431 1784 1558 1860 καλοῖς,

389 1888 467 1972 περὶ
490 1886 640 1971 μεγάλων
656 1889 693 1953 δὲ
711 1887 731 1974 ἢ
746 1889 853 1953 καλῶν
868 1887 888 1973 ἢ
904 1888 1137 1974 συμφερόντων
1152 1889 1261 1968 λέγοις
1277 1888 1558 1972 παρεληλυθέναι,

388 1993 445 2054 καλ
468 1994 498 2055 εἰ
521 1996 765 2078 προύπισχνοῖο
789 1988 838 2056 ὅτι
863 1995 961 2058 καινά
983 1994 1039 2056 καλ
1062 1989 1113 2057 ὅτι
1137 1991 1195 2056 διὰ
1210 1995 1359 2074 βραχέων
1375 1993 1429 2055 καλ
1446 1992 1560 2074 σαφῶς

388 2095 444 2158 καὶ
467 2097 544 2179 περὶ
567 2094 755 2176 ἀναγκαίων
777 2096 872 2179 ἐρεῖς.
1582 2120 1613 2174 15

475 2200 522 2261 16.
558 2196 702 2264 Εύνοιαν
724 2201 760 2264 δὲ
784 2197 954 2286 άπεργάση
971 2199 990 2285 ἢ
1007 2198 1103 2285 φύσει
1121 2197 1344 2282 οἰκειούμενος
1359 2225 1378 2283 η
1394 2201 1559 2282 συνηθείᾳ

388 2299 408 2383 ἢ
434 2302 534 2386 φιλίᾳ
563 2302 714 2388 πατρηίᾳ,
748 2295 770 2387 ἢ
798 2305 827 2366 εί
854 2306 948 2393 κοινῇ
971 2307 1152 2388 συμφέρειν
1173 2302 1294 2382 λέγοις,
1325 2300 1431 2387 ἢτῶν
1453 2299 1560 2366 αὐτόν

387 2441 447 2475 ιιι
470 2399 639 2488 ἐφίεσθαι.
688 2408 735 2469 11.
759 2405 891 2470 εὔνοιαν
911 2407 947 2470 δὲ
964 2418 1057 2470 ποιεῖ
1072 2407 1127 2469 καὶ
1143 2405 1179 2469 τό
1195 2405 1336 2489 χρηστόν
1350 2408 1448 2470 εἶναι·
1481 2428 1560 2487 χρη-

389 2507 468 2573 στόν
490 2509 526 2572 δὲ
550 2512 635 2574 εἶναι
659 2489 805 2573 δείκνυσι
827 2510 863 2574 τό
887 2510 962 2585 τούς
984 2511 1145 2586 ἐπιεικεῖς
1168 2506 1332 2585 ἐπαινεῖν,
1356 2508 1411 2571 καὶ
1434 2506 1470 2572 τό
1487 2506 1561 2581 τοὺς

390 2615 613 2697 θρασυτέρους
646 2611 822 2697 προάγειν,
857 2616 910 2678 καὶ
945 2614 981 2678 τό
1013 2612 1137 2698 μηδένα
1170 2613 1326 2698 φθονεῖν,
1360 2613 1415 2674 καὶ
1448 2611 1485 2674 τὸ
1515 2610 1561 2693 μη
1581 2621 1617 2674 20

457 2806 472 2854 5
492 2795 696 2873 συμβουλεύσας
713 2807 755 2857 δε1
773 2807 1021 2874 AnonymusLittcr.
1037 2806 1251 2858 contuibilem
1271 2822 1293 2872 p.
1309 2807 1339 2856 12
1357 2813 1383 2856 et
1395 2805 1423 2868 F,
1443 2808 1561 2872 συμβου-

389 2872 482 2924 λεῦσαι
504 2873 842 2942 (εε1.προσποιοῖο)11
896 2878 909 2924 1
935 2868 1136 2944 συμβουλεύσας
1154 2876 1172 2926 Ρ
1192 2875 1267 2926 emF
1321 2877 1335 2924 1
1361 2868 1432 2939 αὐτῷ
1458 2871 1559 2956 (isych)

389 2943 434 2991 καλ
448 2937 535 2998 οὕτως
545 2937 683 3011 προτεύων
696 2945 738 2994 vei
749 2943 961 3012 καθυπερτεριόν
975 2933 1121 3009 δηλώσειας
1135 2943 1154 2994 11
1208 2946 1224 2993 8
1241 2934 1368 3005 δηλώσεις
1379 2945 1425 2992 καὶ
1437 2937 1517 2998 αυτὸς
1528 2936 1563 2998 ὡς

390 3009 408 3059 Ρ
422 3007 549 3074 δηλώσεις
560 3013 605 3061 καλ
618 3007 697 3066 αὐτὸς
711 3013 921 3079 (συμβουλεῦσαι
935 3014 993 3079 καὶ)
1008 3015 1154 3079 Anonymus
1166 3014 1183 3064 1.
1195 3012 1222 3076 1.,
1235 3011 1314 3075 δῆλος
1325 3013 1411 3076 εἴης..
1429 3011 1561 3077 <everticu-

389 3071 485 3136 λεύσας
505 3080 565 3145 uei>
585 3075 621 3136 ιός
639 3095 684 3143 ege
733 3080 762 3130 13
781 3079 938 3146 ἐληλυθέναι
957 3081 975 3129 Ρ
994 3080 1073 3132 cmii
1123 3083 1153 3130 14
1172 3083 1391 3146 προσυπισχνοῖο
1410 3080 1429 3130 Ρ
1448 3094 1485 3128 em
1506 3077 1562 3128 Wil

391 3144 400 3212 l]
434 3147 570 3215 σαφῶνΡ
596 3163 632 3197 cm
662 3147 683 3197 ii
737 3149 767 3200 16
794 3142 894 3219 ἐργάση
923 3149 940 3198 Ρ
968 3150 1072 3200 correxi
1125 3150 1157 3199 20
1186 3144 1256 3217 (μη)
1286 3144 1421 3216 προάγειν
1445 3145 1476 3211 it,
1504 3163 1561 3196 uum

391 3217 500 3283 ψέγεινλ
519 3216 552 3282 Sp
583 3214 591 3282 11
620 3215 724 3284 μηδένα
744 3220 806 3280 Sug:
824 3213 863 3285 μη
882 3218 939 3270 δεῖν
956 3217 982 3282 P,
1002 3216 1100 3285 μηδενί
1116 3218 1149 3284 Sp

458 3393 475 3456 ξ
495 3394 526 3444 14
544 3389 639 3449 εἰδώς
654 3391 707 3445 κτὲ
719 3393 836 3443 Anaxim.
850 3393 882 3460 sp
895 3391 906 3443 1
921 3394 967 3444 201
985 3409 1008 3448 te
1026 3392 1071 3444 δεῖ
1087 3392 1114 3443 δ’
1132 3391 1264 3464 ἔμπειρον
1281 3387 1453 3459 ἀποφαίνειν
1464 3386 1562 3442 ἑαυτὸν

390 3461 455 3529 περὶ
476 3450 513 3512 ὧν
530 3457 564 3512 ἂν
582 3462 652 3532 λέγη.
688 3461 704 3528 ξ
724 3462 754 3513 15
772 3459 927 3530 μεγάλων
944 3460 997 3513 κτὲ
1013 3460 1035 3511 11
1054 3461 1121 3512 Prcl.
1136 3463 1166 3515 de
1179 3461 1232 3512 lnv.
1246 3462 1280 3512 W
1294 3459 1337 3512 VII
1355 3461 1388 3511 66
1403 3475 1414 3511 κ
1433 3455 1560 3529 προσοχὴ

391 3527 422 3582 δὲ
442 3534 552 3598 γίνεται,
580 3523 648 3582 ὅταν
668 3530 733 3596 περὶ
756 3524 883 3599 μεγάλων
904 3521 1073 3600 πραγμάτων
1092 3525 1109 3594 ἢ
1132 3529 1285 3598 ἀναγκαίων
1307 3525 1323 3592 ἢ
1346 3519 1562 3595 κατεπειγόντων

390 3588 551 3667 βουλόμεθα
572 3601 718 3650 ποιεῖσθαι
740 3597 787 3649 τὸν
808 3593 898 3666 λόγον.
934 3599 1060 3649 Lucienus
1079 3599 1108 3649 de
1125 3601 1186 3650 hist.
1206 3600 1283 3649 scrib.
1302 3613 1339 3663 ογ.
1357 3598 1398 3658 63,
1421 3595 1508 3660 Quint.
1526 3595 1560 3647 lV

391 3664 453 3733 les,
480 3668 531 3718 Cic.
560 3668 590 3717 de
612 3665 665 3718 lnv.
687 3666 697 3716 1
719 3667 793 3732 623,
821 3669 896 3718 Ceru.
916 3666 925 3716 1
948 3667 997 3732 §7
1023 3671 1129 3717 attentos
1155 3668 1309 3730 iubebimus,
1335 3669 1361 3715 εἰ
1384 3664 1561 3732 pollicebimur

390 3750 436 3785 nos
463 3731 492 3785 de
518 3736 593 3786 rebus
617 3739 734 3802 mugnis,
760 3739 854 3786 nucis.
877 3774 882 3784 .
909 3736 983 3786 verba
1008 3737 1138 3802 facturos.
1181 3737 1297 3786 Anaxim.
1321 3733 1380 3799 Spl
1403 3733 1453 3782 214
1470 3749 1495 3786 οε
1517 3725 1560 3796 ἆρ’

392 3796 442 3853 οὖν
468 3799 499 3854 οὗ
522 3797 626 3861 τούτοις
651 3805 855 3873 (προσέχομεν),
882 3799 949 3854 ὅταν
976 3795 991 3867 ἢ
1020 3799 1087 3875 ὑπὲρ
1113 3797 1259 3872 μεγάλων.
1284 3842 1290 3854 .
1313 3793 1518 3869 βουλευώμεθας
1544 3794 1562 3865 ἢ

392 3864 534 3954 φάσκωσιν
556 3873 583 3922 ολ
607 3873 727 3940 λέγοντες
751 3869 785 3930 ὡς
807 3871 900 3923 δίκαια
921 3874 967 3922 καλ
988 3870 1056 3922 καλά
1080 3875 1125 3922 καὶ
1144 3873 1315 3940 συμφέροντα
1333 3910 1338 3921 .
1357 3908 1362 3920 .
1382 3868 1562 3927 ἐπιδείξουσιν

389 3943 470 4008 ημῖν,Ι
493 3940 553 4006 §16
571 3940 633 3992 τῶν
651 3938 758 3992 αὐτῶν
776 3943 835 4008 quid
854 3941 904 3992 sibi
923 3943 1013 3999 velint,
1036 3942 1154 4005 intellegi
1171 3943 1257 4006 uequit
1276 3940 1325 4020 εἰεί
1345 3941 1463 4005 quaedam
1483 3938 1562 4014 verbu

392 4010 555 4059 intercidisse
574 4010 691 4060 sumitur.
728 4012 812 4061 nescio
831 4026 861 4060 uu
879 4012 941 4060 haec
960 4010 1038 4060 verbu
1056 4011 1193 4076 supplenda
1212 4011 1265 4060 sint
1284 4009 1394 4074 (ωνοιαλ
1406 4005 1469 4063 τοὺς
1481 4004 1562 4055 α’κου-

392 4093 469 4134 οντας
486 4071 595 4141 eureis>
615 4076 647 4128 ci.
664 4078 783 4130 Αιιυιιίιιι.
801 4076 865 4143 sp.1
885 4079 972 4132 22910
990 4077 1036 4129 δεῖ
1052 4078 1080 4129 δὲ
1098 4075 1194 4133 αὐτοὺς
1212 4077 1240 4128 ἐκ
1257 4073 1359 4128 τούτων
1376 4077 1505 4138 ἐπαινεῖν,
1523 4059 1562 4126 δν

391 4136 513 4212 μάλιστα
537 4146 645 4214 μέτεστι
670 4150 728 4202 τοῖς
752 4141 890 4210 όκούουσι,
918 4149 985 4213 λέγω
1010 4145 1037 4196 δὲ
1063 4137 1210 4214 φιλόπολιν
1232 4145 1283 4197 κτὲ.
1320 4144 1336 4211 ξ
1357 4146 1386 4195 11
1410 4143 1561 4196 δείκνυσι

391 4213 443 4265 κτὲ
469 4214 609 4264 accusativi
636 4215 774 4278 ἐπιεικεῖς,
802 4217 995 4286 θρασυτέρους,
1021 4217 1127 4282 μηδένα
1154 4230 1198 4282 pre
1226 4215 1350 4265 subiectis
1376 4213 1561 4263 infinitiveruur

392 4282 499 4332 habendi
520 4290 546 4332 et
567 4284 639 4333 lucus
661 4285 699 4335 itu
721 4285 928 4350 interpretandus
951 4293 1001 4334 est:
1029 4291 1118 4333 erutor
1141 4284 1233 4350 probus
1257 4284 1430 4345 existimatur,
1457 4284 1480 4331 si
1503 4282 1561 4330 beni

394 4366 447 4400 eum
466 4352 580 4414 laudere,
598 4353 643 4401 scl.
658 4354 721 4417 quud
741 4369 840 4404 causum
859 4354 1010 4418 susceperit,
1032 4353 1180 4403 audaciores
1201 4368 1255 4402 cum
1269 4354 1300 4402 ud
1312 4354 1376 4402 huuc
1388 4366 1440 4400 rem
1453 4350 1560 4399 incitare

393 4435 472 4485 neque
491 4422 621 4486 quisquam
639 4423 662 4470 ei
680 4421 796 4472 invidere
816 4422 925 4472 videtur.
956 4424 1019 4472 huuc
1038 4422 1187 4470 sententium
1208 4422 1231 4469 iu
1246 4421 1353 4471 Cornuti
1366 4421 1430 4470 Arte
1446 4419 1559 4484 pluribus

393 4490 479 4540 verbis
498 4503 645 4556 expressum
665 4499 691 4540 et
708 4489 738 4541 ub
758 4490 925 4558 epitomatorc
944 4497 1100 4541 contractum
1119 4506 1175 4541 esse
1193 4497 1316 4556 [tutemus.
