3590 5262
672 461 712 472 -
758 425 898 490 XXXIII
950 464 984 472 -

250 604 314 665 loeo
339 604 407 684 Spi
428 603 584 673 36921-20
606 605 636 664 in
664 604 909 666 commentarium
937 606 973 666 ad
993 605 1099 674 [3370
1122 606 1322 685 transscripto.
1369 607 1419 669 uhi

250 707 327 786 leges
349 703 385 767 ἐκ
405 704 464 768 τοῦ
486 700 603 786 ὁμοίου
626 703 646 787 ἢ
668 705 924 784 συλλογιστικῶς
945 708 1018 770 solvi
1033 709 1164 770 docetur.
1208 727 1265 788 qua
1281 709 1315 770 de
1330 729 1418 773 eausa

250 809 273 869 E
288 813 306 884 ξ
323 809 383 871 188
399 809 494 870 verbis
512 803 570 892 (ἢ)
586 854 614 869 ··
631 805 899 888 συλλογιζόμενοι
920 811 1041 874 tertium
1056 812 1135 891 leges
1150 811 1281 875 solvendi
1297 813 1416 876 modum

250 912 406 992 significari
428 930 601 993 persuasum
626 913 778 975 habemus.

334 1015 414 1089 Quae
436 1034 503 1078 eum
527 1017 566 1077 ita
581 1016 650 1089 sint,
674 1016 796 1078 dubium
811 1035 871 1078 non
887 1026 941 1092 est,
964 1019 1035 1098 quin
1050 1017 1085 1091 is,
1108 1017 1159 1096 qui
1174 1017 1253 1079 Artis
1268 1018 1304 1080 de
1319 1019 1417 1099 legum

251 1117 395 1179 solutione
427 1128 614 1200 praeceptum
649 1119 728 1181 dedit
757 1120 780 1180 E
806 1118 917 1196 5188,
950 1129 1089 1201 quattuor
1121 1131 1252 1183 statuum
1280 1121 1416 1200 legalium

250 1220 392 1282 rationem
428 1222 570 1284 habuerit.
615 1222 748 1284 ordinem
781 1232 879 1285 autem
913 1224 1020 1285 horum
1054 1232 1184 1286 statuum
1216 1232 1335 1285 seeutus
1362 1234 1416 1298 est,

250 1323 300 1403 qui
326 1325 494 1388 rhetoribus
520 1326 679 1389 inusitatus
702 1345 798 1406 neque
820 1326 945 1406 vulgaris
967 1335 1039 1389 erat.
1084 1326 1173 1388 unius
1195 1326 1322 1389 rhetoris
1344 1347 1416 1408 pro-

197 1481 198 1485 ,
249 1427 347 1506 prium
384 1427 475 1490 fuisse
513 1429 719 1510 amphiboliam
757 1429 882 1509 primam
922 1430 1062 1492 collocare
1100 1450 1116 1492 a
1153 1430 1276 1510 Syriano
1313 1433 1415 1494 fertur.

249 1531 373 1592 eundem
402 1533 550 1594 rhetorem
575 1533 715 1614 syrianus
742 1541 808 1612 post
831 1532 1087 1613 Harpocrationem
1115 1542 1276 1608 enumerat,
1306 1533 1358 1614 qui
1381 1535 1416 1596 ad

248 1634 348 1696 Artem
376 1638 608 1716 componendam
636 1636 783 1698 adhibitus
810 1645 869 1710 est;
900 1635 1030 1697 eiusdem
1055 1636 1140 1697 verba
1168 1636 1224 1698 alio
1251 1637 1314 1699 loeo
1336 1637 1414 1698 Artis

248 1736 378 1799 extitisse
416 1739 582 1802 statuimus.
638 1739 701 1800 iure
734 1759 803 1819 ergo
836 1740 966 1801 Cornuto
998 1743 1099 1801 Artem
1133 1740 1295 1802 vindicasse
1327 1741 1414 1803 nohis

250 1841 394 1903 ridemur.

477 2137 686 2217 OORNUTI
711 2137 855 2216 ARTIS
881 2139 1179 2218 assultuum.

333 2273 476 2347 Quoniam
511 2283 540 2336 et
567 2274 686 2336 Cornuti
713 2275 792 2337 Artis
826 2286 960 2356 excerpta
986 2277 1063 2355 apud
1090 2276 1257 2356 complures
1283 2276 1415 2338 rhetores

249 2377 411 2439 deteximus
433 2387 463 2439 et
484 2377 514 2438 in
529 2377 673 2458 Epitoma‚
696 2397 784 2457 quam
808 2378 933 2453 edimus,
949 2396 1036 2459 saepe
1051 2379 1193 2459 quaedam
1209 2380 1310 2440 deesse
1324 2397 1415 2458 quae-

249 2481 314 2542 dam
337 2482 444 2544 falsum
466 2481 564 2543 locum
588 2482 693 2542 hahere
716 2481 915 2560 eognovimus,
938 2481 1015 2543 idam
1039 2483 1140 2544 Artem
1166 2482 1321 2544 restituere
1346 2502 1414 2545 sus-

248 2585 379 2664 cepimus
412 2602 446 2645 ae
479 2583 608 2664 primum
643 2584 761 2663 quidem
796 2583 846 2664 qui
878 2584 942 2646 eius
977 2585 1077 2647 titulus
1107 2603 1239 2665 quaeque
1262 2585 1414 2665 dispositio

249 2687 336 2749 fuerit
358 2686 565 2749 sciscitandum
588 2697 642 2749 est.

331 2791 463 2852 Titulum
488 2790 585 2852 oodioe
607 2790 630 2850 P
658 2790 798 2852 traditum
824 2791 927 2872 Τέχνη
951 2789 1009 2852 τοῦ
1035 2787 1209 2852 πολιτικοῦ
1231 2785 1330 2867 λόγον
1352 2809 1412 2853 non

247 2894 406 2973 genuinum
429 2913 494 2956 esse
515 2893 612 2974 primo
634 2895 740 2957 obtutu
761 2904 850 2974 patet.
898 2912 967 2955 nam
997 2912 1053 2967 ars,
1080 2912 1137 2972 qua
1160 2894 1196 2954 de
1218 2893 1348 2956 oratione
1370 2895 1413 2955 oi-

246 2996 295 3057 vili
316 3007 459 3076 ageretur,
484 3015 565 3058 more
587 2997 739 3059 rhetorum
767 2991 869 3077 Τέχνη
895 2991 1012 3079 (napi)
1041 2995 1085 3056 vel
1111 2997 1213 3078 Τέχνη
1240 2994 1411 3080 (ῥητορικὴ

248 3099 343 3179 περὶ)
378 3099 437 3162 τοῦ
471 3098 642 3163 πολιτικοῦ
674 3095 775 3178 Ιλόγον
805 3098 945 3179 inscripta
973 3107 1059 3160 esset.
1103 3097 1264 3161 Finekhius
1292 3099 1410 3161 titulum

246 3202 370 3264 similem
405 3203 441 3275 ei,
474 3204 530 3265 suh
562 3222 621 3282 quo
647 3201 763 3283 Apsinis
789 3221 837 3264 ars
870 3202 985 3283 saepius
1017 3199 1179 3272 laudatur¹‚
1213 3201 1292 3263 hune
1320 3202 1411 3264 fuisse

246 3306 400 3368 eonieeit¹z
448 3308 551 3388 Τέχνη
589 3305 667 3387 περὶ
705 3305 768 3367 τῶν
805 3302 971 3386 τεσσάρων
1007 3303 1067 3368 τοῦ
1102 3302 1276 3367 πολιτικοῦ
1313 3300 1411 3386 λόγου

245 3410 361 3491 μερῶν.
406 3409 493 3471 huius
527 3408 604 3470 tituli
636 3409 740 3472 indicia
773 3430 837 3473 esse
870 3419 899 3471 et
931 3409 1047 3470 initium
1081 3420 1111 3470 et
1136 3410 1223 3470 tinem
1251 3407 1349 3469 libelli.
1394 3428 1410 3470 e

245 3512 340 3574 verbis
362 3512 499 3574 extremis
522 3512 670 3592 Epitomes
694 3515 734 3575 50
749 3547 775 3584 3³
797 3512 940 3578 τοσαῦτα
963 3510 1040 3594 περὶ
1063 3512 1126 3574 τῶν
1148 3507 1328 3588 τοῦλόγου
1351 3533 1410 3593 pe-

245 3615 309 3700 ρῶν
336 3635 405 3678 sane
434 3615 627 3694 colligendum
656 3624 701 3678 est
727 3616 855 3678 libellum
880 3634 939 3677 non
968 3615 1084 3676 titulum
1109 3613 1217 3676 codicis
1240 3613 1262 3674 P
1285 3633 1353 3694 prae
1376 3633 1408 3677 se

245 3718 355 3793 tulisse,
377 3720 413 3780 ad
435 3737 523 3798 quern
551 3717 619 3780 solis
648 3720 744 3781 verbis
766 3719 910 3783 τοσαῦτα
932 3713 1010 3799 περὶ
1032 3716 1090 3778 τοῦ
1113 3714 1288 3780 πολιτικοῦ
1310 3715 1409 3795 λόγου

243 3822 348 3902 respioi
380 3821 540 3902 oportebat.
595 3821 782 3902 potissimum
816 3820 950 3883 Finohhii
982 3820 1165 3881 coniecturae
1198 3820 1270 3882 fides
1292 3821 1409 3884 additur

243 3925 339 4005 primo
361 3925 449 3986 libelii
471 3925 621 3987 enuntiato
643 3920 661 3987 ὁ
684 3923 855 3996 πολιτικὸς
877 3921 949 4006 ἢτοι
972 3919 1139 3994 δικανικὸς
1161 3918 1257 4000 λόγος
1272 3924 1319 3997 εἰς
1333 3925 1408 3986 τέσ-

244 4044 329 4109 σαρα
350 4029 430 4111 μέρη
454 4026 635 4109 διαιρεῖται
658 4026 698 4090 τὰ
719 4029 927 4111 προκείμενα.
970 4026 1001 4087 iu
1024 4044 1083 4105 quo
1098 4034 1166 4105 post
1180 4024 1302 4087 verbum
1318 4023 1408 4087 διαι-

311 4233 321 4266 ¹
341 4233 373 4284 W
387 4231 420 4287 IV
433 4220 481 4285 302
495 4250 520 4287 1o
531 4257 565 4276 =
577 4230 622 4285 VII
634 4232 680 4283 '121
697 4247 709 4284 a
728 4229 763 4290 ὥς
780 4233 949 4296 καλΑψίνης
966 4230 1051 4298 φησὶν
1068 4227 1097 4280 tv
1114 4231 1148 4301 τῇ
1165 4229 1228 4299 περὶ
1247 4229 1300 4280 τῶν
1317 4229 1408 4299 μερῶν

243 4300 292 4381 τοῦ
315 4303 456 4382 πολιτικοῦ
479 4291 563 4370 λόγου
582 4302 674 4374 τέχνης
694 4302 725 4352 W
740 4298 773 4352 IV
792 4300 841 4354 712
854 4315 879 4353 21
897 4294 932 4355 ὡς
951 4301 1057 4363 Αψίνης
1074 4295 1103 4348 ἒν
1120 4297 1151 4368 τῇ
1167 4299 1230 4365 περὶ
1247 4298 1301 4351 τῶν
1317 4299 1407 4370 μερῶν

242 4385 292 4420 ὀυ
309 4371 563 4508 iiiiriffii'na.
577 4437 662 4490 nxrx
681 4437 746 4489 resa
765 4453 787 4504 p.
801 4437 842 4487 er.

297 4521 390 4566 Cornuti
404 4523 507 4578 Epitome
1231 4537 1246 4572 c
