3590 5262
820 385 857 398 ·-
905 349 1084 413 XXX-

267 571 270 578 ,
374 529 505 588 referunt
527 525 577 607 (ef.
600 526 665 588 edu.
681 525 758 587 XXV
772 529 811 602 ι),
846 528 895 588 sed
919 526 1117 608 Metrophenis
1151 537 1229 589 netas
1262 526 1402 589 incertior
1423 535 1468 588 est
1489 526 1539 606 (ni.

375 631 440 691 adn.
455 630 550 692 XXIX
562 635 597 706 ς).
628 630 695 691 inde
711 630 788 709 quod
804 629 1024 711 Harpocration
1040 631 1160 712 Syrieno
1176 641 1243 693 ente
1259 630 1422 692 Cornutum
1439 632 1540 692 lenda-

375 742 432 806 tur‚
459 733 510 813 qui
537 734 676 815 Apsinem
703 741 794 795 aetate
822 734 977 814 praeeedit,
1004 735 1263 814 Herpoemtionem
1290 735 1335 795 vel
1364 734 1539 813 Hermogeni

375 838 523 916 aequalem
557 836 648 899 fuisse
675 839 720 899 vel
753 856 821 898 eum
848 846 1037 899 consecutum
1066 856 1130 898 esse
1159 837 1332 916 colligimus.
1376 836 1539 898 Cornutum

374 940 452 1002 inter
482 939 646 1026 Basilicum,
681 940 862 1018 Hermogene
890 940 1081 1021 superiorem,
1114 950 1144 1002 et
1169 941 1308 1021 Apsinem
1336 940 1426 1002 fuisse
1453 960 1541 1021 supra

376 1045 542 1106 statuimus.
587 1061 654 1105 oum
677 1053 775 1105 autem
795 1044 872 1124 apud
887 1044 1042 1125 Syriennm
1058 1043 1185 1106 eundem
1200 1053 1268 1124 post
1283 1043 1540 1124 Harpocrationem

375 1147 445 1228 poni
467 1147 625 1220 videamus,
654 1165 721 1208 eum
745 1156 813 1227 post
834 1146 1048 1227 Hermogenem
1072 1157 1102 1210 et
1122 1147 1240 1228 Apsinis
1262 1146 1445 1228 temporibus
1471 1165 1542 1226 pro-

375 1251 487 1331 piorem
510 1250 600 1312 fuisse
622 1269 796 1330 persuasum
817 1251 969 1313 habemus.
1014 1253 1093 1314 hune
1112 1251 1275 1314 Cornutum
1298 1259 1447 1313 auctorem
1463 1247 1542 1309 Artis

375 1374 439 1416 esse
461 1372 541 1416 nuno
563 1353 713 1434 probaturi
736 1372 849 1416 sumus·

459 1457 706 1520 Proficiscendum
734 1458 820 1519 nobis
847 1466 892 1519 est
914 1457 950 1518 eb
973 1457 1024 1531 eis,
1052 1477 1126 1538 quae
1148 1457 1296 1520 Cornutus
1318 1477 1334 1520 e
1357 1457 1484 1518 Leobere
1507 1455 1542 1516 de

377 1561 510 1624 membro
538 1561 673 1623 docuisse
700 1562 825 1623 traditur
846 1561 882 1622 W
898 1561 947 1622 VH
970 1561 1058 1630 9312
1081 1560 1184 1644 φησὶν
1214 1556 1271 1625 οὖν
1302 1555 1320 1622 ὁ
1342 1558 1541 1639 Κορνοῦτος·

376 1662 481 1727 κῶλόν
506 1663 576 1727 ἐστι
606 1659 725 1746 μόριον
753 1659 851 1742 λόγου
874 1667 1086 1748 συγκείμενον
1108 1662 1142 1735 ἐξ
1168 1659 1339 1745 ὀνομάτων
1361 1661 1422 1726 δύο
1443 1659 1464 1745 ἢ
1485 1661 1542 1724 καί

377 1762 555 1843 πλειόνων,
582 1767 728 1831 τελειοῦν
760 1764 856 1850 (τὴν)
886 1765 944 1830 ἐπὶ
972 1769 1090 1850 μέρους
1120 1763 1290 1831 διάνοιαν·
1335 1769 1407 1830 εάτα
1435 1788 1542 1850 παρα-

376 1870 498 1935 κατιών
535 1873 738 1955 σαφέστερον
769 1867 826 1934 τδν
855 1866 952 1948 λόγον
985 1866 1142 1954 ἐποίησεν
1174 1870 1396 1954 ἐπιμνησθείς
1428 1865 1542 1935 αὐτοῦ·

375 1973 480 2038 κῶλον
508 1971 571 2056 γάρ
599 1973 668 2037 ἐστι
697 1971 849 2047 διανοίας
875 1976 972 2056 μέρος
998 1970 1180 2057 ἀπαρτίζον
1202 1973 1285 2059 πρὸς
1308 1977 1417 2058 ἕτερον
1438 1969 1543 2037 κῶλον

375 2081 633 2160 παρακείμενον
676 2075 713 2142 τὸ
740 2075 802 2159 γὰρ
832 2077 876 2138 <εί
905 2077 962 2140 τὸν
990 2075 1145 2160 χορευτὴν
1172 2076 1248 2141 οὐδὲ
1275 2073 1544 2162 δπροσκαλέσας

376 2178 516 2266 ἀζήμιος
543 2179 650 2244 ἔσται>
676 2179 780 2244 κοῖλον
806 2182 866 2262 μέν
894 2177 964 2242 ἐστι
988 2181 1114 2264 σαφῶς,
1144 2177 1203 2245 οάκ
1224 2179 1266 2246 ἀν
1288 2181 1325 2246 δὲ
1347 2182 1542 2267 εἰλικρινῶς,

376 2281 454 2349 otus
476 2285 534 2368 τὴν
550 2283 608 2348 ἐπὶ
624 2286 740 2367 μέρους
755 2285 960 2366 παρέστησεν
974 2279 1053 2367 ἡμῖν
1069 2281 1223 2350 διάνοιαν
1238 2285 1282 2370 μη
1298 2284 1542 2366 προσλαβοῦσι·

375 2389 446 2452 <τδν
467 2387 504 2451 δὲ
519 2386 659 2472 χορηγὸν
681 2383 780 2450 αδτδν
802 2381 880 2448 οὐδὲ
902 2383 920 2448 ὁ
943 2384 1112 2472 συγκόψας
1135 2381 1173 2452 οδ
1196 2385 1298 2453 διέσει
1313 2388 1429 2473 δίκην>.
1473 2389 1543 2470 Epi·

377 2503 456 2555 tome
472 2492 550 2560 4815
565 2491 741 2553 sententiam
764 2488 869 2554 κῶλον
891 2488 950 2573 μὲν
966 2486 1024 2555 οὖν
1038 2490 1108 2555 έστι
1124 2491 1274 2566 διανοίας
1288 2495 1386 2576 μέρος
1401 2488 1544 2574 ἀπαρτί-

378 2591 434 2672 ζον
471 2592 555 2676 πρδς
588 2595 697 2676 ἕτερον
730 2592 835 2657 κῶλον
868 2595 1112 2676 παρακείμενον
1142 2596 1228 2658 nobis
1261 2616 1316 2677 pro
1348 2597 1406 2658 fine
1439 2592 1544 2657 κοίλου

378 2699 508 2760 venditet
540 2707 570 2760 et
596 2697 674 2760 idem
701 2707 788 2777 etque
817 2697 965 2761 Cornutus
991 2700 1118 2762 duorum
1148 2701 1349 2762 membrorum
1377 2699 1544 2780 exemplum

378 2803 480 2878 edient,
515 2802 566 2863 sed
599 2820 652 2882 pro
679 2801 785 2875 verbis,
818 2801 925 2881 quibus
953 2802 1101 2866 Cornutus
1135 2805 1192 2866 duo
1224 2804 1354 2865 membre
1384 2803 1544 2884 coniungit,

378 2925 469 2986 pauca
490 2905 587 2967 inenie
608 2905 734 2966 exhibet.
777 2904 857 2966 illam
880 2907 1054 2969 sententiam
1077 2926 1137 2969 non
1159 2908 1318 2988 genuinum
1333 2908 1421 2977 finem
1439 2903 1544 2970 κοίλου

377 3029 443 3071 esse
470 3028 505 3071 ex
531 3027 564 3070 ea
585 3009 649 3088 ipse
675 3009 908 3071 concludendum
935 3021 1006 3083 erat,
1033 3029 1101 3073 nem
1125 3029 1192 3072 oum
1215 3011 1251 3072 ad
1273 3020 1435 3072 extremam
1459 3030 1546 3072 voce-

379 3113 481 3174 bulum
504 3113 701 3174 definiendum
724 3113 822 3194 ipsum
845 3114 928 3193 quasi
952 3123 1055 3177 notum
1077 3123 1237 3194 usurpetur
1259 3123 1323 3178 tum
1345 3133 1453 3176 nomen
1475 3115 1545 3194 quid

379 3217 418 3279 sit
450 3213 554 3279 κῶλον
582 3215 749 3295 significans
775 3217 820 3278 vel
852 3236 1016 3297 pronomen
1048 3239 1080 3279 τι
1114 3217 1311 3292 desideratum
1344 3236 1439 3297 neque
1467 3217 1545 3280 enim

379 3309 531 3392 διανοίας
553 3321 651 3401 μέρος
673 3320 871 3382 nominativus
887 3321 1107 3402 praedicativus,
1131 3339 1219 3401 quem
1234 3319 1369 3394 dicimus,
1393 3322 1443 3382 sed
1459 3340 1546 3385 anou-

379 3422 490 3485 sativus
532 3441 548 3483 e
588 3421 740 3504 participio
782 3419 965 3507 ἀπαρτίζον
996 3424 1128 3505 pendens
1161 3432 1215 3486 est,
1270 3443 1286 3485 e
1319 3424 1438 3486 scholiis
1472 3424 1547 3485 beno

379 3526 554 3588 sententiam
577 3545 593 3588 a
609 3525 739 3589 Cornuto
762 3527 797 3588 ed
819 3528 1015 3607 praemissum
1038 3524 1143 3591 κοίλου
1158 3529 1247 3589 finem
1264 3527 1479 3609 explanandum
1494 3527 1547 3588 ed-

379 3630 502 3692 bibitam
519 3649 582 3691 esse
597 3631 706 3710 patefit.
749 3631 820 3692 item
838 3631 980 3692 sententie
995 3631 1019 3691 Ε
1034 3630 1074 3692 48
1090 3663 1125 3705 ιο,
1148 3650 1222 3711 queo
1238 3631 1301 3692 loco
1316 3630 1428 3710 periodi
1443 3631 1547 3692 defini-

379 3733 468 3795 tionis
490 3742 544 3808 est,
568 3731 724 3816 περίοδος
746 3732 783 3796 δέ
805 3731 875 3796 ἔστι
898 3729 994 3810 λόγος
1014 3731 1169 3797 διοίνοιαν
1182 3729 1376 3817 ἀπαρτίζων
1390 3729 1547 3816 αὐτοτελῆ

380 3834 415 3898 ἐκ
437 3831 549 3900 κοίλων
571 3839 775 3920 συγκειμένη,
800 3837 923 3899 Cornuti
944 3837 1056 3918 periodi
1078 3838 1139 3909 fini,
1161 3856 1248 3917 quem
1265 3836 1296 3898 in
1312 3836 1431 3926 soboliis
1445 3835 1482 3897 W
1497 3836 1548 3899 VH

380 3940 440 4002 891
456 3972 469 4010 4
483 3940 649 4002 invenimus
668 3943 718 4022 (ef.
734 3943 800 4004 adn.
817 3941 934 4004 XXVHI
948 3945 982 4015 ο),
1006 3940 1191 4021 explicationi
1214 3940 1304 4008 tuisse
1319 3940 1444 4004 videtur.
1478 3940 1547 4002 buio

379 4044 423 4105 rei
438 4044 607 4106 testimonio
623 4053 667 4106 est
682 4048 777 4106 forma
791 4044 911 4106 alterius
923 4045 1067 4127 participii
1079 4047 1282 4128 συγκειμένη,
1297 4045 1376 4124 quod
1387 4043 1547 4105 Finekbius

380 4149 412 4209 in
435 4141 647 4231 συγκείμενον
662 4149 867 4229 corrigendum
884 4168 948 4212 esse
963 4148 1095 4211 oonieoit.
1139 4159 1169 4210 et
1184 4150 1310 4229 genuina
1326 4149 1447 4211 Cornuti
1461 4147 1549 4208 verba

381 4250 536 4335 περίοδος
570 4249 608 4314 δέ
642 4251 711 4315 ἐστι
749 4250 904 4316 διάνοιαν
931 4247 1158 4334 ἀπαρτίζουσα
1185 4247 1344 4338 αάτοτολῆ
1370 4250 1406 4314 ἐκ
1436 4244 1549 4315 κοίλων

381 4358 573 4438 συγκειμένη
596 4356 697 4433 fuisse,
724 4377 740 4419 a
762 4355 983 4438 posterioribus,
1006 4357 1058 4436 qui
1080 4357 1151 4420 haee
1173 4357 1259 4419 rerba
1281 4376 1335 4437 pro
1357 4357 1415 4418 fine
1436 4353 1548 4436 periodi
