3586 5260
723 439 936 500 ..35-

244 609 426 686 ἀπόλυσις,
455 616 608 694 μείωσις,
640 609 835 687 ἀπόστασις.
894 615 962 677 181.
993 619 1101 698 κρίσις
1136 613 1174 677 δὲ
1204 613 1416 698 ληφθήσεται

245 711 314 778 ἀπὸ
337 716 440 790 θεῶν,
458 711 526 778 ἀπὸ
542 713 668 798 ἡρώων,
693 713 760 779 ἀπό
778 720 1005 800 συγγραφέων,
1027 715 1096 780 ἀπό
1113 715 1322 801 φιλοσόφων,
1346 711 1417 780 ἀπό

247 818 403 900 ποιητῶν.
645 814 650 822 ’

334 921 403 983 182.
438 917 479 984 Oi
506 919 566 1002 μὲν
591 921 804 998 γενικώτατοι
833 921 934 986 τόποι
963 916 1068 986 οὗτοι·
1094 920 1171 987 οὐδὲ
1197 921 1261 1004 γάρ
1289 921 1420 986 οἷόντε

211 1034 227 1088 5
246 1025 303 1088 νῦν
326 1023 402 1103 περὶ
425 1019 583 1086 ἁπάντων
605 1023 727 1101 λέγειν,
751 1021 826 1089 ἀλλ’
850 1023 965 1100 άπλῶς
987 1027 1035 1100 είς
1056 1024 1187 1090 ἔννοιαν
1215 1022 1339 1109 ἄγομεν
1361 1026 1420 1090 τοῦ

247 1125 453 1210 πράγματος,
477 1125 553 1190 ἐπεὶ
574 1128 630 1188 καὶ
653 1123 732 1192 ὅταν
753 1128 900 1211 λέγωμεν
921 1129 993 1192 δεῖν
1016 1138 1156 1192 σκοπεῖν
1178 1129 1302 1205 αἰτίαν,
1326 1125 1419 1214 ὕλην,

247 1227 386 1312 ἀγωγήν,
411 1225 470 1308 mix
493 1226 535 1304 ώς
559 1229 594 1292 ἐκ
617 1229 740 1297 τοότων
762 1231 873 1316 μόνων
895 1230 1116 1315 ἐλεγχομένων
1136 1233 1199 1296 τῶν
1219 1228 1423 1297 ἀδικούντων

247 1335 373 1416 φαμέν·
397 1329 516 1396 πολλοὶ
538 1335 601 1417 γὰρ
624 1335 680 1396 καί
703 1332 769 1398 ἀπό
792 1331 966 1418 χρώματος
994 1335 1049 1397 καὶ
1073 1333 1236 1420 σχήματος
1258 1332 1419 1420 ἧλέγχθη-

248 1453 326 1498 σαν·
350 1431 434 1497 ἀλλὰ
456 1434 504 1498 δι’
527 1433 635 1501 αὐτῶν
657 1434 768 1521 ῶσπερ
792 1440 841 1513 εἰς
864 1437 993 1503 ἔννοιαν
1015 1437 1082 1501 τῶν
1103 1433 1190 1501 ὅλων
1212 1435 1344 1522 ἄγομεν.

197 1551 230 1604 10
335 1536 406 1599 183.
440 1545 503 1602 Δεῖ
525 1539 562 1602 δὲ
585 1533 710 1604 εἰδέναι
734 1535 784 1604 ὅτι
809 1539 919 1604 πάντα
941 1541 983 1604 τά
1006 1544 1229 1626 προειρημένα
1256 1540 1340 1604 κατὰ
1362 1541 1423 1605 δύο

1398 1643 1406 1664 Ι

247 1638 391 1724 τρόπους
418 1639 510 1704 ἔσται
537 1639 684 1727 χρήσιμα
712 1643 770 1707 ἐπὶ
799 1637 1009 1728 ζητημάτων,
1038 1641 1109 1707 οίον
1138 1648 1334 1727 προκείσθω
1371 1643 1404 1730 ζη

247 1765 349 1828 τημα·
381 1746 412 1807 εί
445 1741 464 1828 ἡ
499 1743 598 1829 ἡδονὴ
634 1744 766 1824 ἀγαθόν
791 1745 830 1831 (ἢ
854 1743 912 1810 οὐκ
935 1741 1101 1828 ἀγαθόν>.
1154 1746 1212 1811 ἐὰν
1237 1744 1336 1831 (μὲν)
1361 1749 1424 1833 γάρ

249 1844 444 1931 θελήσωμεν
465 1844 562 1911 τοῦτο
586 1845 778 1924 ἀποδείξαι,
802 1848 837 1911 ἐκ
859 1851 919 1913 τοῦ
940 1844 1020 1934 ὅρον
1042 1851 1099 1934 τῆς
1113 1847 1232 1934 ἡδονῆς
1252 1849 1423 1938 ἐπιχειρή-

250 1967 363 2033 σομεν,
399 1949 472 2015 οίον
505 1946 556 2014 ὅτι
585 1947 604 2036 ἡ
634 1948 734 2036 ἦδονη
764 1948 1039 2028 ἀποκατάστασίς
1067 1952 1158 2017 ἐστιν
1184 1953 1219 2015 ἐκ
1246 1956 1311 2018 τῶν
1332 1954 1426 2039 παρὰ

201 2068 232 2121 15
251 2052 354 2137 φύσιν
373 2056 420 2128 είς
442 2047 546 2139 φάσιν
568 2052 706 2119 ἑκάστου
728 2053 787 2139 την
809 2051 923 2129 αὑτοῦ,
946 2055 988 2116 τὰ
1009 2054 1047 2118 δὲ
1069 2056 1106 2130 ἐξ
1124 2053 1425 2131 ἀποκαταστάσεως

250 2154 359 2242 ἀτελῆ,
386 2155 418 2242 [ἡ
441 2157 478 2221 δὲ
499 2153 635 2241 τοιαύτη
659 2155 760 2242 ἡδονὴ
784 2155 926 2243 ἀτελήςῙ,
950 2160 987 2221 τὸ
1011 2158 1045 2222 δ’
1069 2156 1180 2234 ἀτελὲς
1196 2156 1255 2224 οὐκ
1271 2157 1422 2238 ἀγαθόν·

321 2289 332 2337 1
352 2283 492 2351 ἀπόλυσις,
532 2291 624 2345 είωσις
641 2290 732 2354 scripsi
751 2289 837 2354 Quint.
852 2290 927 2340 duce:
945 2293 1054 2358 μείωσις
1066 2281 1242 2346 ἀπόκλιοιςΡ
1295 2289 1310 2340 8
1329 2292 1426 2342 πολλοὶ

251 2357 302 2434 ⁸1²²,
316 2356 483 2408 πολιτικοίΡ
509 2306 676 2440 δοχῆματρς
694 2359 801 2441 scpipsi:
819 2355 938 2440 ῥήματος
956 2358 975 2408 Ρ
999 2357 1008 2424 ΙΙ
1029 2356 1217 2441 ἠλέχθησανΡ
1235 2375 1294 2409 οοτι·
1307 2360 1373 2442 δαςι
1409 2361 1424 2412 9

250 2423 419 2559 ἑηρμὴεςνηιθιλ)
419 2440 475 2544 wppp
488 2424 521 2490 Sp
575 2425 605 2475 12
628 2424 676 2476 δατ·
697 2444 751 2495 γαρ
776 2426 844 2494 (pap)
864 2427 914 2490 Seg
969 2429 999 2478 15
1021 2426 1135 2478 αυτοοΡ
1155 2428 1254 2492 emch
1307 2429 1337 2479 16
1360 2445 1424 2492 η-

316 2604 479 2668 ἀπόλυσις
496 2612 592 2662 dicitur
610 2612 640 2661 ab
654 2615 735 2662 Anas.
754 2611 808 2662 τῶν
819 2604 1000 2679 ὑπαρχόντων
1015 2613 1104 2665 κακῶν
1116 2609 1247 2678 ἀποβολή,
1265 2615 1295 2664 ab
1308 2615 1423 2667 Aristide

250 2677 383 2748 ἀποφυγὴ
411 2679 465 2731 τῶν
493 2673 680 2746 περιεστώτων
704 2681 800 2732 κακῶν.
838 2679 915 2745 §181
936 2679 1003 2733 Theo
1027 2684 1057 2732 de
1080 2683 1136 2733 loco
1158 2683 1281 2732 communi
1298 2685 1424 2750 praecipit

249 2748 316 2814 Spll
335 2751 383 2800 108
395 2764 421 2802 aa
444 2747 498 2800 εἶτα
520 2747 549 2800 ἐκ
571 2747 616 2814 τῆς
637 2767 653 2800 κ
671 2753 749 2804 ίσεως
770 2749 929 2836 (ἔπηγειρεῖν
947 2747 1001 2813 dm]
1019 2745 1076 2814 ἦτοι
1094 2751 1252 2819 νομοθετῶν
1268 2745 1285 2816 ἢ
1305 2753 1425 2818 ποιητῶν

249 2811 265 2879 ἢ
284 2819 382 2886 σοφῶν
398 2810 504 2889 ἀνδρῶν
524 2809 636 2902 γνώμας
652 2766 780 2884 λέγοντες,
801 2833 861 2870 οιον
882 2816 933 2894 τπδ’.
968 2817 984 2882 ᾗ
1004 2820 1051 2870 183
1074 2823 1272 2887 προκείσθω
1296 2817 1423 2889 ζήτημα

250 2885 302 2936 xri
320 2888 400 2937 Arist.
420 2884 548 2967 Toplll
578 2899 634 2937 εστι
661 2886 690 2938 δὲ
712 2887 766 2956 τῶν
788 2887 986 2959 προβληματωυ
1008 2883 1040 2937 τὰ
1062 2885 1112 2955 μὲν
1133 2877 1255 2938 καθόλου
1277 2885 1308 2938 τά
1333 2886 1358 2938 δ’
1377 2889 1423 2941 ἐπὶ

249 2955 358 3024 μέρους.
394 2954 517 3004 καθολου
543 2953 593 3022 μὲν
618 2949 668 3006 οὖν
694 2948 816 3026 otoo-dn
839 2954 917 3005 πᾶσα
941 2951 1023 3037 ἠδονη
1047 2953 1154 3023 ἀγαθόν
1176 2958 1222 3006 καὶ
1244 2950 1285 3007 ὅτι
1311 2950 1423 3023 οὐδεμία

250 3017 336 3084 ἡδονὴ
361 3015 476 3088 ἀγαθόν,
497 3023 544 3074 ἐπὶ
564 3020 663 3093 μέρους
685 3021 714 3073 δὲ
733 3029 795 3074 οἱον
815 3019 857 3074 ὅτι
874 3023 931 3075 ἔστι
949 3041 990 3080 τις
1008 3021 1095 3087 ηδονὴ
1113 3019 1223 3090 ἀγαθὸν
1240 3025 1286 3074 καὶ
1304 3019 1348 3074 ὅτι
1365 3023 1423 3076 ἔστι

249 3107 288 3146 τις
309 3086 393 3155 ἡδονὴ
418 3084 468 3140 οὐκ
491 3084 611 3156 ἀγαθόν.
646 3093 761 3157 quaestio
783 3093 909 3143 aNeocle
929 3098 1038 3143 tractata
1057 3092 1095 3158 τῷ
1112 3086 1236 3143 καθόλου
1253 3085 1424 3161 προβλήματι

251 3159 403 3210 Aristotelis
429 3160 574 3224 respondet,
602 3175 656 3210 narn
680 3155 696 3224 ἡ
720 3155 803 3224 ἡδονή
825 3161 891 3211 idem
910 3162 981 3210 vaiet
1003 3162 1066 3226 qnod
1090 3161 1168 3211 πᾶσα
1190 3152 1287 3225 ἡδονή.
1322 3163 1423 3213 τοῦτο

251 3223 430 3286 ἀποδεῖξαι
448 3226 499 3278 κτὲ
523 3228 625 3279 eandem
649 3229 891 3293 argumentationem
910 3229 992 3279 Arist,
1011 3229 1069 3279 lltln
1087 3230 1143 3280 llio.
1156 3228 1201 3281 Vll
1221 3229 1250 3281 11
1270 3232 1376 3294 exponit
1397 3238 1423 3281 at

251 3312 288 3362 cp.
310 3295 339 3347 12
366 3294 472 3346 refellit.
509 3297 676 3347 Aristotelem
703 3299 750 3347 hac
777 3298 948 3363 disputatione
976 3297 1131 3348 Platonicam
1158 3299 1281 3348 rationem
1309 3296 1423 3350 relutara

250 3363 347 3415 Zellins
374 3365 399 3414 in
428 3365 608 3414 commentario
630 3364 686 3415 ath.
706 3365 761 3415 Nic.
780 3382 803 3431 p.
817 3367 874 3429 302,
894 3365 945 3416 309
968 3366 1131 3417 demonstrat.
1167 3365 1240 3417 Plato
1267 3366 1334 3416 enim
1361 3368 1424 3418 dicit

250 3431 347 3483 Philab.
362 3432 418 3482 530
436 3426 479 3482 nisi
494 3434 599 3500 γένεσίς
615 3433 688 3486 ἐστιν
706 3430 811 3497 (ἡδονή)
829 3443 855 3484 ot
867 3435 901 3484 ib.
914 3433 971 3485 420
989 3435 1035 3498 τῆς
1046 3425 1153 3502 φύσεως
1164 3433 1287 3486 ἑκάστων
1297 3433 1423 3503 διαφθει-

250 3502 366 3567 ρομένης
386 3499 477 3567 μὲν..
496 3501 584 3551 idua!
605 3517 634 3552 τε
651 3504 695 3552 καὶ
714 3494 899 3568 ἀλγηδόνες..
915 3503 1055 3572 ξυμβαίνει
1072 3498 1220 3572 γιγνόμενα
1233 3542 1239 3553 .
1252 3540 1267 3566 .‚
1290 3504 1328 3560 ελς
1346 3502 1378 3554 δέ
1391 3520 1423 3570 γε

250 3567 299 3632 την
321 3564 412 3622 αὐτῶν
433 3564 518 3636 φύσιν
538 3565 605 3620 ὅταν
622 3572 789 3635 καθιστῆτιιι,
812 3562 909 3636 ταύτην
931 3573 965 3621 αὐ
983 3568 1030 3636 τὴν
1052 3566 1216 3623 κατάστασιν
1236 3568 1338 3636 ἡδονὴν
1355 3567 1423 3624 ἀπε·

251 3628 391 3704 δεξόμεθα
416 3635 483 3706 παρ’
504 3634 584 3705 ἡμῶν
610 3636 705 3690 αὐτῶν.
742 3638 855 3690 Platonis
878 3655 939 3701 crgo
962 3641 1054 3705 placita
1077 3641 1183 3691 snbsnnt
1200 3642 1422 3705 argumentationi,

266 3722 322 3757 nam
335 3706 415 3757 Arist.
428 3708 446 3757 1.
459 3707 475 3756 Ι.
489 3722 512 3772 μ
530 3707 613 3756 11521)
627 3723 652 3761 12
663 3709 704 3758 his
719 3709 805 3759 verbis
819 3709 929 3775 explicat
948 3705 997 3759 onix
1015 3704 1124 3776 ἀγαθὸν
1136 3703 1268 3774 (ἡδονήν),
1290 3704 1332 3759 ὅτι
1345 3710 1423 3759 πᾶσα

251 3770 332 3839 ηδονὴ
358 3778 463 3842 γένεσίς
487 3773 559 3828 ἔστιν
585 3777 622 3833 εἰς
647 3769 732 3843 φύσιν
755 3768 880 3842 αἰσθητή,
906 3774 1020 3842 οὐδεμία
1043 3776 1072 3828 δὲ
1093 3779 1195 3844 γένεσις
1217 3773 1348 3844 συγγενὴς
1366 3781 1423 3833 τοῖς

251 3845 364 3907 τέλεσιν,
376 3837 436 3895 οἱον
448 3839 564 3910 οιίδεμία
576 3836 749 3913 οἰκοδόμησις
761 3846 841 3911 οἰκίᾳ.
863 3861 910 3911 qno
922 3847 980 3894 hnic
992 3846 1205 3907 argumentationi
1217 3845 1288 3896 illam
1300 3861 1314 3895 a
1326 3845 1423 3897 Neocie

250 3913 369 3963 traditam
388 3929 436 3962 non
455 3913 583 3964 diversam
603 3929 659 3963 ease
682 3915 738 3964 lues
756 3915 852 3965 clarius
870 3915 999 3978 adparent,
1025 3915 1166 3979 adponatur
1185 3914 1334 3977 Andronici,
1360 3929 1422 3980 qnae

251 3981 403 4046 nominatur,
426 3981 589 4047 paraphrasis
608 3982 689 4032 Arist.
708 3983 842 4032 verborum
861 3983 898 4032 ed.
918 3982 998 4032 Oxon.
1018 3998 1040 4047 p.
1055 3985 1104 4032 ³50
1124 3980 1217 4050 οἱμὲν
1235 3976 1285 4033 οὖν
1302 3983 1423 4049 λέγοντες

249 4050 387 4167 ρηηδεμίαν
404 4046 504 4167 riparia
521 4045 633 4166 ἀγαθὸη
651 4048 720 4170 εληαι
738 4047 826 4169 οἷμωη
837 4050 1006 4170 ἔπεχεέίροον·
1030 4051 1113 4171 ‘appa
1122 4046 1214 4171 ἑηδονὴ
1229 4051 1333 4170 ηένὶἕίς
1346 4047 1424 4172 τίφης

250 4124 635 4251 ἀδελλῖσόδκαέἀάλιτάγάιδόν,
647 4136 677 4252 γλ
689 4135 774 4252 illini,
789 4135 914 4254 ἀράνάιάλ
923 4133 1004 4240 affl,
1021 4136 1139 4254 ἀγαθόν.
1151 4133 1322 4252 εᾝςήαδάνλγ,
1335 4137 1402 4238 ἀλλο
1411 4215 1422 4224 -

251 4252 455 4312 κατάστασις
477 4254 531 4306 κτὲ
557 4258 618 4306 lane
643 4256 814 4308 definitionem
838 4273 852 4307 c
875 4257 1006 4308 Platonica
1030 4272 1104 4322 supra
1129 4257 1259 4322 adscripta
1283 4256 1422 4307 derivatam

253 4336 310 4373 asae
326 4323 415 4390 liquet.
451 4327 537 4376 eadem
556 4325 637 4375 Arist.
651 4326 732 4376 utitnr
750 4324 962 4378 finec1eeetaa
979 4321 1137 4376 ὑποκείσθω
1155 4321 1187 4388 δὴ
1203 4320 1271 4391 ἡμῖν
1288 4321 1357 4378 είναι
1375 4320 1424 4389 τὴν

252 4385 354 4471 ηδομην
371 4395 477 4455 κίνησίν
494 4408 555 4444 τινα
573 4391 618 4458 τῆς
637 4394 725 4461 ψυχῆς
742 4393 788 4444 καὶ
806 4391 971 4444 κατάστασιν
988 4384 1098 4462 ἀθρόαν
1115 4392 1161 4445 καὶ
1179 4391 1314 4460 αἰσθητὴν
1325 4394 1363 4450 εἰς
1374 4389 1423 4458 τὴν

252 4472 433 4526 υπαρχουσαν
451 4458 542 4528 φύσιν.

1209 4548 1243 4603 3*
