3590 5262
847 338 1153 452 -m-'

383 567 538 647 incipiunt.
583 565 690 646 quibus
717 585 733 627 a
756 567 887 628 Cornuto
910 565 1024 627 Neoclis
1053 564 1089 626 de
1115 565 1316 645 propositione
1344 574 1373 627 et
1400 567 1435 628 de
1458 566 1549 648 tropis

384 673 527 743 πίστεως
549 670 635 731 verba
658 669 707 749 (§§
725 668 915 743 mit-rest
939 669 1106 731 continuata
1130 688 1194 730 esse
1216 689 1270 749 pro
1293 680 1373 733 certo
1396 671 1547 733 habemus.

382 794 450 836 nam
480 772 707 854 propositionis,
737 792 811 851 quae
839 792 854 833 a
877 772 981 834 Neocle
1004 773 1027 834 E
1048 772 1132 844 301,
1155 766 1357 845 ἀποδείξεως
1379 765 1464 856 α’ρχή
1486 794 1549 836 esse

383 877 505 951 dicitur,
527 877 583 939 sub
604 877 721 938 initium
745 875 824 938 tertii
846 875 881 936 de
904 875 1072 937 inventione
1095 875 1168 936 tomi
1191 877 1369 938 mentionem
1393 877 1456 937 fieri
1478 896 1550 939 con-

382 990 555 1043 sentaneum
579 989 651 1042 erat.
695 981 776 1041 locus
798 987 907 1052 autem,
938 999 1026 1058 quem
1049 979 1096 1040 illa
1119 979 1205 1041 verba
1227 979 1258 1039 in
1281 980 1416 1060 Epitoma
1439 988 1549 1054 tenent,

383 1084 506 1146 minime
540 1081 581 1146 eis
616 1082 761 1146 convenit.
807 1101 874 1144 cum
904 1083 983 1144 enim
1012 1084 1073 1163 ipsa
1101 1101 1164 1144 eam
1194 1086 1327 1155 πίστιν,
1362 1103 1435 1164 quae
1466 1084 1549 1146 tertia

381 1206 449 1269 pars
471 1187 611 1249 orationis
634 1195 730 1249 estet
753 1186 777 1246 E
798 1185 839 1246 27
858 1219 870 1257 9
891 1205 954 1266 sqq.
978 1185 1130 1260 definitur,
1163 1185 1183 1247 i.
1207 1207 1231 1247 e.
1255 1187 1549 1267 argumentationem,

383 1299 530 1371 spectent,
556 1291 587 1351 in
610 1290 759 1371 Epitomes
780 1289 929 1370 partibus,
952 1291 1029 1351 inter
1051 1308 1123 1369 quas
1146 1289 1298 1369 leguntur,
1329 1292 1460 1364 πίστεις
1482 1291 1501 1351 i.
1524 1311 1549 1353 e.

382 1393 545 1473 singulares
568 1393 755 1474 probationes
779 1395 827 1469 (cl.
851 1392 951 1466 Quint.
968 1395 991 1455 V
1009 1393 1046 1454 16
1064 1393 1089 1466 g)
1111 1400 1283 1455 tractantur.
1327 1393 1456 1475 primum
1481 1415 1550 1475 pro-

381 1497 533 1559 bationum
560 1504 665 1558 natura
693 1496 965 1575 (66145-157),
1000 1497 1104 1559 deinde
1131 1496 1261 1559 inventio
1285 1501 1333 1574 (§§
1351 1498 1551 1576 roe-185),

383 1610 446 1662 tum
478 1599 584 1662 solutio
613 1597 912 1678 (§§186-191)¹,
947 1601 1072 1680 denique
1100 1599 1270 1662 oeconomio
1293 1599 1342 1679 (fit
1360 1601 1550 1677 rea-194)

383 1703 512 1765 docetur.
558 1703 634 1765 idem
659 1703 730 1764 ordo
753 1702 891 1782 partium,
914 1705 963 1784 qui
987 1706 1028 1767 rei
1051 1712 1136 1786 aptus
1158 1713 1188 1766 et
1210 1705 1415 1766 accomodatus
1439 1715 1492 1779 est,
1519 1705 1550 1766 in

383 1807 504 1868 Cornuti
524 1811 594 1868 Arte
615 1807 706 1867 tuisse
727 1805 851 1867 videtur.
896 1806 1026 1887 primum
1049 1807 1138 1887 igitur
1160 1826 1350 1889 quaeramus,
1378 1808 1551 1889 Epitomene

383 1929 425 1985 ea,
449 1929 523 1990 quae
539 1910 688 1972 Cornutus
711 1910 745 1970 de
761 1919 865 1971 natura
880 1910 1086 1990 probationum
1105 1911 1271 1991 scripserat,
1293 1911 1405 1991 integra
1421 1913 1551 1974 servarit.

469 2015 502 2074 ln
525 2013 675 2094 Epitomes
697 2014 827 2088 66145,
854 2014 913 2075 146
936 2011 1090 2075 Alexandri
1114 2015 1149 2076 de
1172 2013 1335 2076 differentia
1357 2015 1550 2078 artificialium

382 2126 412 2179 et
438 2115 664 2178 inartificialium
696 2115 782 2177 verba
812 2118 985 2179 adseruntur
1011 2127 1041 2180 et
1064 2121 1102 2193 §fi
1121 2119 1295 2179 147-153
1318 2119 1433 2181 Neoclis
1455 2121 1551 2194 rerba,

382 2220 489 2301 quibus
512 2221 581 2300 quid
606 2219 667 2282 sint
688 2221 852 2283 artificiales
875 2221 1072 2302 probationes,
1096 2221 1166 2301 quid
1189 2221 1228 2284 sit
1250 2223 1393 2302 pathetica
1409 2223 1550 2303 probatio,

382 2323 530 2404 quomodo
552 2324 729 2404 pragmatica
752 2325 886 2404 probatio
909 2326 967 2398 fiat,
989 2325 1060 2404 quid
1082 2325 1162 2386 inter
1184 2322 1282 2401 εἰκός,
1306 2335 1457 2408 σημεῖον,
1480 2345 1551 2388 τεκ-

382 2423 502 2511 μήριον
524 2427 639 2489 differat
661 2427 756 2489 fusius
779 2429 942 2510 exponitur.
989 2428 1112 2490 Cornuti
1126 2428 1205 2489 Artis
1228 2429 1263 2490 de
1285 2429 1332 2492 his
1355 2429 1443 2491 rebus
1465 2431 1551 2492 verba

381 2531 429 2591 vix
456 2531 589 2592 uberiora
616 2531 746 2605 fuerunt,
779 2531 829 2592 sed
857 2533 978 2593 eandem
1008 2533 1043 2593 de
1065 2531 1263 2612 paradigmate
1285 2541 1315 2595 et
1336 2532 1552 2613 enthymemate

383 2635 476 2696 multo
499 2635 583 2715 plura
605 2634 772 2696 exhibuisse
794 2653 882 2714 quam
909 2637 1062 2717 Epitomen
1091 2639 1127 2709 §fi
1146 2636 1311 2698 154-159
1335 2636 1457 2698 Cornuti
1473 2637 1551 2699 Artis

382 2747 516 2817 excerpta
546 2757 561 2798 a
585 2739 743 2800 vetustiore
766 2738 959 2820 Hermogenis
982 2739 1017 2801 de
1039 2739 1099 2799 lnu
1123 2738 1265 2800 librorum
1291 2739 1452 2801 Scholiasta
1475 2742 1549 2802 lacta

381 2842 551 2903 ostendunt.
595 2860 721 2920 quorum
745 2841 775 2902 in
798 2858 922 2902 numero
945 2850 1029 2902 sunt:
1104 2869 1105 2874 ¹

382 2944 419 3004 W
434 2945 484 3005 Vll
500 2945 570 3016 752,
596 2945 619 3005 V
635 2945 695 3007 395
712 2977 737 3016 ῃ
753 2964 817 3024 sqq.
838 2944 955 3006 ‘Neoclis
977 2945 1014 3006 de
1037 2944 1243 3025 paradigmatis
1259 2945 1412 3025 speciebus
1427 2946 1550 3021 verba²;

384 3049 419 3108 W
434 3049 483 3110 Vll
500 3048 561 3110 762
577 3046 608 3121 ⁷⁸
630 3048 787 3110 Alexandri
815 3048 1041 3128 enthymematis
1065 3047 1208 3122 definitio,
1237 3067 1325 3127 quam
1349 3068 1383 3110 eo
1406 3049 1498 3128 magis
1520 3049 1550 3110 in

427 3152 560 3233 Epitoma
588 3151 797 3226 desideramus,
832 3154 909 3232 quod
932 3151 1094 3214 Alexander
1120 3152 1287 3231 paradigma
1313 3161 1343 3212 et
1364 3153 1550 3232 enthymema

425 3256 595 3338 principalia
623 3274 728 3336 genera
760 3255 952 3318 artificialium
981 3255 1187 3334 probationum
1214 3255 1383 3324 nominasse
1410 3257 1551 3331 traditur3

383 3455 469 3505 eodem
488 3455 609 3521 scriptam
628 3441 684 3504 esse
702 3460 779 3520 patet.
816 3468 894 3519 neque
906 3460 990 3503 autem
1002 3452 1078 3502 verba
1092 3451 1113 3501 E
1127 3450 1157 3500 27
1170 3466 1196 3504 12
1215 3453 1334 3502 cateiam
1352 3449 1382 3503 δὲ
1400 3448 1416 3517 ἦ
1434 3456 1551 3525 προτέρα

381 3518 433 3574 ὑπ’
455 3522 535 3576 ἐνίων
559 3524 605 3573 καὶ
628 3516 766 3580 ἀπόδειξις
789 3522 835 3573 alii
859 3522 908 3572 nisi
930 3521 1028 3571 auctori
1046 3521 1118 3570 Artis
1140 3519 1269 3583 adsignari
1290 3529 1403 3586 possunt.
1439 3538 1503 3587 quae
1522 3539 1550 3573 eo

383 3592 491 3642 consilio
510 3593 606 3656 scripta
626 3599 693 3653 sunt,
720 3606 749 3640 ne
768 3590 879 3641 lectores
900 3591 1062 3653 mirarentur,
1081 3589 1146 3654 quod
1165 3587 1232 3639 inira
1250 3605 1331 3655 saepe,
1358 3596 1385 3638 ut
1404 3589 1429 3638 in
1448 3591 1551 3642 Neoclis

382 3660 524 3726 praeceptis
542 3659 576 3724 ἕξ
590 3660 645 3722 160,
666 3659 722 3722 177,
742 3659 799 3721 198,
817 3674 905 3708 nomeu
924 3654 1087 3714 ἀποδείξεως
1105 3673 1149 3722 pro
1168 3657 1266 3706 nornine
1278 3661 1394 3714 retorsere
1406 3667 1551 3726 usurpatur,

383 3735 410 3778 et
435 3736 464 3778 ut
490 3729 679 3791 intellegerent,
708 3743 752 3778 cur
770 3727 916 3777 Alexander
940 3729 1056 3782 πίστεως
1078 3732 1104 3776 et
1127 3719 1293 3783 ἀποδείξεως
1316 3726 1483 3778 differentiam
1507 3743 1551 3778 ex-

383 3797 510 3863 posuisset
527 3797 559 3857 (E
577 3796 667 3857 271⁵).

452 3864 621 3915 lAlexandri
641 3866 670 3914 de
688 3864 914 3927 argumentationis
933 3863 1076 3914 elocutione
1095 3868 1254 3928 praeceptum
1273 3861 1316 3927 (ἕξ
1329 3863 1384 3927 196,
1406 3864 1464 3926 197)
1482 3865 1550 3914 uotis

383 3935 414 3984 de
432 3935 517 3984 causis
535 3935 603 3984 inter
622 3941 742 3998 excerpta
760 3933 835 3983 tertii
854 3934 884 3983 de
902 3933 1050 3982 inventione
1068 3932 1131 3981 tomi
1149 3947 1197 3980 non
1217 3945 1381 3982 numeramus.

452 4001 586 4053 ²Easdem
610 4009 665 4051 tres
689 4003 787 4068 species
812 4001 1002 4067 paradigmatis,
1020 4016 1081 4066 quas
1103 3998 1213 4050 Neocles
1237 4000 1378 4062 distinguit,
1406 4000 1495 4051 Cicero
1521 4002 1550 4050 de

381 4069 435 4121 hv·
448 4070 463 4172 ¹³
475 4070 713 4190 biliuitiblbbbinW
732 4137 774 4188 Vll
793 4138 929 4200 7628-10,
953 4152 1025 4203 quam
1048 4152 1123 4203 supra
1147 4137 1331 4203 explicavimus
1350 4137 1375 4187 iu
1394 4138 1451 4189 adn.
1469 4136 1551 4203 xllx,

383 4209 523 4260 Alexandri
546 4221 602 4257 esse
627 4207 704 4257 verba
724 4206 756 4255 W
777 4207 796 4257 V
815 4205 865 4256 406
879 4221 960 4272 rrsqq.
980 4206 1124 4266 ostendunt,
1147 4221 1209 4270 quae
1231 4207 1262 4254 ad
1286 4205 1356 4254 illam
1380 4207 1550 4257 definitionem

384 4278 532 4343 respiciunt.
563 4276 668 4326 eundem
683 4277 768 4336 verba,
787 4292 849 4341 quae
863 4275 1032 4324 definitionem
1046 4281 1184 4339 sequuntur
1199 4273 1232 4323 W
1247 4272 1290 4323 Vll
1303 4274 1350 4324 762
1363 4291 1451 4336 ro-ro,
1471 4276 1551 4341 serip-

384 4347 458 4407 sisse,
481 4345 567 4396 verbis
590 4345 620 4392 de
642 4344 784 4394 differentia
808 4344 953 4410 syllogismi
978 4350 1004 4392 et
1026 4344 1220 4409 enthymematis
1244 4339 1319 4391 factis
1340 4342 1371 4391 W
1392 4342 1435 4393 Vll
1455 4343 1503 4393 763
1517 4360 1550 4405 rs,

385 4417 404 4466 V
422 4415 473 4465 403
485 4429 564 4467 xt-an
581 4414 694 4479 adparet.
