3586 5260
734 393 949 458 ..45-

259 570 319 651 μέν
341 566 412 630 ἔστι
435 559 524 654 λύπη
549 563 590 642 τός
614 567 669 632 ἐπ’
700 557 842 645 ἀναξίως
869 570 1100 652 δυστυχοῦντι,
1129 570 1261 657 φθόνος
1283 573 1321 636 δέ
1342 572 1432 638 ἐστιν

258 669 316 733 ἐπὶ
338 672 377 761 τῇ
399 674 458 736 τοῦ
481 672 585 746 πέλας
607 663 776 758 εὐπραγίᾳ
797 675 896 758 χωρὶς
919 676 1014 758 χτῆς
1036 675 1094 739 ἐπὶ
1117 675 1158 739 τὰ
1181 670 1288 740 οἰκεία
1310 676 1432 761 διαφο-

259 775 317 856 ρᾶς
339 777 373 853 †.
417 776 489 838 226.
514 773 622 859 φόβου
652 775 689 840 δὲ
717 776 789 862 εἴδη
818 776 956 868 αἰσχύνη
980 778 1035 841 καὶ
1059 775 1198 857 ἀγωνία,
1223 772 1270 843 οἶν
1293 779 1431 866 αἰσχύνη

258 878 318 960 μὲν
340 876 446 961 φόβος
471 875 663 963 (ἀδοξίας),
688 876 813 959 ἀγωνία
836 880 872 944 δὲ
893 879 998 964 φόβος
1015 880 1232 957 διαπτύσεως
1250 879 1293 968 (ἢ
1307 882 1429 970 φόβος)

223 984 238 1038 5
259 977 364 1066 ἥττης.
410 983 481 1045 227.
504 985 561 1066 τῆς
584 982 621 1046 δὲ
643 983 830 1066 ἐπιθυμίας
853 984 925 1074 είόη
949 982 1027 1068 όργη
1052 984 1106 1047 καὶ
1123 984 1246 1067 θυμός,
1264 982 1308 1050 ὧν
1323 987 1433 1072 θυμός

260 1083 358 1171 (μέν)
382 1085 473 1151 ε’στιν
495 1082 578 1170 όρμη
602 1089 715 1169 βίαιος
737 1087 821 1170 πρός
844 1092 1057 1165 κακοποιίαν,
1082 1083 1161 1174 όργη
1186 1086 1223 1151 δέ
1244 1088 1336 1155 ἐστιν
1358 1091 1433 1156 ἐπι-

257 1194 368 1274 θυμία
390 1193 559 1273 τιμωρίας.
604 1190 676 1254 228.
699 1191 755 1275 τῆς
778 1190 815 1255 δὲ
838 1188 958 1276 ἡδονῆς
974 1192 1046 1277 εἴδη
1062 1190 1317 1276 ἐπιχαιρεκακία
1333 1193 1429 1280 (καὶ)

258 1291 458 1369 ἀπόλαυσις,
491 1285 534 1357 ὦν
561 1289 581 1379 ἡ
609 1291 669 1377 μὲν
700 1294 953 1379 ἐπιχαιρεκακία
983 1291 1084 1381 ἡδονὴ
1108 1293 1166 1358 ἐπὶ
1188 1297 1227 1385 τῇ
1248 1299 1307 1362 τοῦ
1330 1296 1433 1373 πέλας

186 1408 238 1462 457
257 1401 485 1481 κακοπραγίᾳ,
515 1397 701 1472 ἀπόλαυσις
721 1395 766 1461 ἰδὲ
792 1394 966 1482 ἡδονηός
994 1397 1036 1463 ἂν
1068 1399 1324 1485 ἓμπιπλαμένου
1350 1401 1434 1483 μετὰ

206 1512 239 1567 10
257 1501 473 1584 θαυμασμοῦ.
517 1501 558 1566 τὰ
580 1503 640 1585 μὲν
663 1497 721 1565 οὖν
737 1493 837 1585 πάθη
858 1504 962 1566 ταῦτα
978 1505 1025 1578 εἷς
1039 1502 1096 1567 τόν
1110 1502 1269 1584 ἐπίλογον
1285 1501 1431 1588 ἁρμόζει.

342 1603 412 1666 229.
435 1599 553 1689 Ἔργον
580 1605 617 1669 δὲ
648 1602 807 1684 ε’πιλόγου
835 1603 855 1690 ἢ
882 1601 1140 1687 προϋπάρχοντα
1168 1604 1267 1692 πύθη
1291 1604 1432 1691 αὐξῆσαι

256 1705 276 1792 ἢ
292 1706 476 1791 ἐμποιῆσαι
493 1705 537 1790 μη
554 1703 643 1770 ὄντα.
689 1709 762 1771 230.
778 1705 923 1792 μεγάλην
946 1708 983 1771 δὲ
1006 1705 1072 1787 ἔχει
1096 1708 1203 1794 ροπην
1219 1709 1254 1774 ἐν
1268 1721 1339 1786 τοῖς
1354 1709 1433 1774 ἐπι-

256 1808 368 1889 λόγοις
391 1803 411 1894 ἠ
437 1808 586 1893 αὔξησις,
610 1811 687 1894 περὶ
712 1805 748 1897 ἦς
771 1810 916 1876 λεκτέον·
944 1809 1080 1894 αὔξησίς
1103 1812 1172 1875 ἐστι
1196 1811 1293 1893 λόγος
1319 1812 1433 1896 μεῖζον

256 1915 365 1978 ποιόν
391 1916 577 1996 φαίνεσθαι
604 1915 641 1978 τὸ
670 1917 807 1999 πρᾶγμα
839 1913 992 1999 [μείωσις
1020 1913 1057 1977 δὲ
1084 1913 1181 1994 λόγος
1203 1927 1299 1998 μεῖον
1323 1916 1432 1980 ποιιόν

205 2025 237 2080 15
256 2020 445 2101 φαίνεσθαι
471 2016 508 2079 τὸ
537 2019 699 2100 πρᾶγμα].
748 2018 821 2080 231.
854 2016 1059 2102 λαμβάνεται
1093 2017 1129 2080 δὲ
1160 2018 1201 2081 τοὶ
1232 2018 1331 2103 πάθη
1361 2015 1430 2081 ἀπὸ

256 2121 321 2183 τῶν
348 2117 454 2183 αύτιόν
482 2115 544 2203 ἀφ’
572 2114 680 2204 ὦνπερ
708 2122 764 2184 καὶ
791 2121 831 2185 τὰ
860 2117 1117 2206 ἐπιχειρήματα·
1152 2122 1208 2184 καὶ
1240 2121 1302 2206 γὰρ
1332 2117 1430 2205 ὀργήν

256 2247 307 2297 τις
339 2233 444 2287 κινεῖν
467 2218 535 2286 ἀπὸ
558 2224 624 2287 τῶν
646 2221 754 2289 αὐτῶν
777 2221 915 2290 δύναται
937 2220 1062 2288 τούτων
1085 2223 1140 2286 καὶ
1170 2222 1271 2309 (ἄλλο
1295 2221 1427 2307 ὁτιοῦν)

257 2325 380 2401 πάθος.
430 2326 500 2391 232.
524 2324 681 2410 χρήσιμοι
704 2327 741 2391 δὲ
757 2327 791 2392 ἐν
806 2339 876 2402 τοῖς
892 2324 1063 2406 ἐπιλόγοις
1079 2328 1134 2390 καὶ
1151 2324 1187 2390 αἱ
1203 2321 1430 2406 ἀντεξετάσεις

256 2427 448 2512 προσώπων
470 2428 554 2511 πρός
577 2427 757 2514 πρόσωπα,
781 2431 933 2515 πράξεων
956 2429 1041 2515 πρὸς
1063 2429 1211 2513 πράξεις.
1256 2433 1328 2495 233.
1345 2440 1432 2494 κινεῖ

203 2545 236 2600 20
256 2528 293 2592 dd
309 2528 393 2613 πρός
412 2527 577 2614 (corindae)
598 2531 713 2609 πόθος
728 2534 784 2598 καὶ
799 2532 819 2619 ἡ
837 2531 1057 2609 διατύπωσις,
1075 2531 1153 2599 ὅταν
1170 2558 1219 2608 τις
1235 2530 1429 2618 διατυπωσχ

255 2631 312 2697 τόν
344 2633 593 2720 τετελευτηκότα
625 2636 780 2716 λέγοντα,
817 2635 888 2701 οίον
925 2638 955 2699 εί
988 2635 1080 2718 τύχοι
1116 2648 1268 2721 «φεῖσαι,
1297 2636 1430 2721 πάτερ»,

323 2759 339 2825 §
358 2761 407 2812 229
427 2762 467 2813 ΕΡ
487 2764 555 2813 Prol.
570 2763 605 2814 W
618 2763 662 2815 Vll
681 2766 713 2814 27
728 2782 752 2818 ιε
759 2781 795 2829 sq.

323 2902 338 2950 2
353 2893 439 2973 χόριν
451 2902 500 2969 Seg
553 2904 568 2954 3
586 2901 703 2971 αἰσχύνη
720 2903 772 2972 μὲν
790 2901 878 2974 φόβος
896 2899 982 2969 ἥττης,
1000 2899 1103 2970 ἀγωνία
1116 2901 1145 2955 δὲ
1157 2893 1246 2970 φόβος
1258 2894 1432 2959 βιαπτιόσεως

254 2968 282 3032 Ρ,
308 2970 391 3022 locum
414 2987 428 3023 o
451 2974 539 3023 vorbis
564 2973 635 3035 Diog.
661 2982 689 3024 et
706 2975 820 3026 Andron.
839 2975 1016 3037 corrigendum
1045 2989 1100 3023 esso
1120 2971 1226 3024 niditd
1279 2967 1429 3040 θόρμὴβι

254 3033 324 3106 ὀργὴ
337 3037 356 3088 Ρ
408 3041 422 3089 'l
441 3042 486 3090 καὶ
506 3042 552 3091 add
566 3041 615 3103 Seg
668 3042 698 3092 17
717 3039 839 3105 δύναται,
856 3039 905 3110 ἀφ’
919 3026 957 3093 ὧν
969 3042 1016 3091 καὶ
1028 3040 1190 3107 πείθειζθος,
1204 3032 1317 3093 δύναται
1328 3036 1432 3092 τούτων

253 3101 468 3225 ηιαιὶεπειθιόθμ,
496 3105 561 3160 ἄλλο
584 3107 677 3163 ὁτιοῦν
698 3111 804 3175 inserui,
824 3109 936 3177 ,τούτων
954 3110 979 3160 in
998 3105 1091 3161 τόπων
1108 3109 1259 3160 matatWil
1312 3109 1344 3158 20
1361 3103 1432 3176 πρὸς

271 3191 284 3225 ⁰
326 3192 341 3242 P

322 3315 337 3382 ξ
356 3317 405 3368 226
424 3315 539 3384 αἰσχύνη
558 3334 573 3369 a
589 3318 672 3382 Βίας,
691 3318 769 3380 stoi„
789 3320 899 3370 Andron.
920 3314 1007 3385 φόβος
1025 3312 1143 3383 ύόοξίας,
1163 3311 1270 3384 ἀγωνία
1288 3333 1302 3367 o
1317 3317 1385 3368 stab.
1404 3326 1431 3368 et

253 3385 366 3436 Andron.
385 3383 469 3454 φόβος
487 3380 660 3468 ιλιαπτιύσεως
677 3383 694 3452 ἣ
713 3378 797 3468 φόβος
814 3385 891 3453 ἥττης
910 3404 965 3439 esse
980 3387 1083 3436 dieitur.
1120 3387 1205 3453 itaque
1217 3385 1336 3436 Neoolorn
1350 3386 1430 3465 ipsum

253 3469 350 3573 llll
364 3456 872 3596 lilli.l'1“⁸..⁰l¹llll.⁵‘ilidii?
876 3458 1151 3576 llldlilillil·
1167 3454 1264 3588 ..33λῖ
1284 3460 1431 3589 illidi

252 3590 369 3643 Platonis
387 3594 487 3644 nomiae
505 3592 632 3658 feruntur,
649 3596 711 3646 haec
730 3603 771 3645 est
788 3611 810 3661 ρ.
824 3594 902 3645 4153
916 3589 1008 3661 θυμός
1020 3589 1091 3664 ὁρμὴ
1102 3597 1191 3658 βίαιος
1208 3587 1273 3643 όίνευ
1286 3591 1428 3659 λογισμοῦ.

254 3661 339 3725 quad
364 3678 425 3712 usus
448 3663 584 3713 lectionem
610 3662 741 3713 eodioisP
765 3664 916 3715 emendavit.
953 3663 1036 3728 §228
1064 3659 1217 3717 ἀπόλαυσις
1241 3662 1306 3711 inter
1329 3661 1429 3726 speeies

254 3730 394 3795 voluptatis
413 3731 443 3780 ab
462 3732 523 3782 aliis
542 3747 591 3781 non
610 3741 765 3783 numeratur.
801 3732 835 3798 βξ
848 3731 983 3781 229-234
997 3731 1144 3781 Alexandri.
1180 3728 1259 3795 §230
1278 3728 1310 3779 ol.
1324 3729 1429 3780 Neoclis

252 3797 425 3849 definitionem
438 3790 573 3863 αὐξήσεως
585 3799 601 3865 §
616 3801 662 3853 106
676 3810 777 3867 eaquae
790 3801 855 3851 idem
870 3801 883 3864 χ’
898 3801 946 3853 160
959 3800 990 3850 do
1003 3789 1113 3863 αὐξήσει
1125 3797 1195 3848 dioit.
1219 3797 1235 3864 ξ
1249 3797 1296 3848 232
1316 3794 1429 3856 ἀντεξ-

253 3857 384 3922 ετόσεις
406 3867 460 3919 aad
483 3869 570 3934 Apsin.
593 3869 626 3935 Sp
645 3868 655 3919 l
675 3871 766 3922 40510
787 3865 880 3924 πάθος
906 3868 1035 3919 ποιοῦσιν
1056 3866 1085 3916 αί
1108 3863 1290 3925 όντεξειόσεις
1309 3862 1429 3934 μάλιστα

252 3931 323 4002 πρὸς
340 3933 373 3987 ιὰ
393 3933 516 4004 πρότερα
534 3937 576 3997 (de
594 3938 685 4018 quibus
704 3937 736 3988 of.
749 3937 799 3988 348
813 3954 845 3997 io,
865 3937 915 3987 354
928 3940 973 4000 τε),
995 3943 1021 3987 et
1038 3935 1126 3988 4051n
1144 3927 1236 3991 πόθος
1253 3936 1365 3986 ποιοῦσι
1383 3936 1429 3984 καὶ

252 4006 282 4055 ol
307 4007 475 4074 παραθέσεις
499 4001 571 4075 πρός
597 4003 693 4076 ἕτερον.
729 4004 761 4056 ol.
785 4003 957 4064 ἀντεξέτασιν
980 4005 1074 4056 Midiae
1101 4013 1128 4054 et
1147 4004 1288 4055 Alcibiadis
1315 4003 1341 4053 in
1366 4003 1427 4054 llid.

252 4070 329 4137 §143
341 4090 392 4140 sqq.
412 4083 439 4125 et
457 4091 519 4141 quae
538 4075 622 4124 Schol.
642 4092 664 4140 p.
678 4075 755 4128 6223
779 4076 809 4125 de
831 4077 879 4125 hac
903 4074 1015 4124 disserit.
1051 4073 1129 4138 §233
1153 4071 1222 4122 Theo
1251 4073 1276 4122 in
1301 4071 1356 4139 topi
1384 4087 1428 4122 ex-

253 4143 388 4207 positione,
407 4145 432 4194 in
451 4159 499 4209 qua
517 4142 593 4193 etiam
611 4144 752 4194 Alexandri
769 4143 941 4194 definitionem
960 4141 1040 4222 τομίβ
1056 4141 1102 4192 169
1121 4142 1271 4206 reporimus,
1290 4141 1336 4190 sub
1354 4140 1427 4190 linem

253 4209 320 4276 Spll
340 4213 386 4262 10⁸
399 4228 425 4266 οι
443 4210 485 4280 ἐφ’
504 4207 596 4262 ἅπασι
618 4209 647 4263 δὲ
671 4210 719 4276 τὴν
740 4205 909 4264 διατύπωσιν
928 4213 1115 4278 ποιησόμεθα,
1143 4207 1210 4280 όταν
1230 4199 1428 4279 ἐνεργούμενον

252 4279 284 4327 τὸ
307 4277 426 4347 ἀδίκημα
445 4279 658 4348 ἀπαγγέλλωμεν
675 4281 721 4330 καὶ
738 4277 769 4331 τὸ
790 4277 884 4336 πόθος
902 4281 949 4329 τοῦ
968 4273 1142 4347 ἠδικημένου,
1168 4281 1227 4329 οἱον
1243 4275 1311 4328 κατὰ
1328 4271 1428 4349 ἄνδρο·

253 4339 355 4413 φόνουι
382 4346 574 4417 βιαγροίψομεν
592 4345 644 4419 γὰρ
666 4341 723 4406 οἷος
739 4347 792 4417 μὲν
809 4342 844 4413 ἦν
861 4347 876 4399 ὁ
892 4339 1070 4417 ἐργαζόμενος
1088 4342 1136 4398 τὸν
1154 4338 1305 4415 φόνον...
1323 4346 1382 4403 ολας
1399 4343 1428 4398 dd

253 4411 374 4473 κάκεῖνος
394 4414 422 4479 (ὃ
440 4408 639 4485 φονευόμενος)
661 4415 754 4487 φωνὰς
771 4411 854 4486 ἠφίει,
878 4414 1026 4484 τοῦτομὲν
1044 4417 1093 4467 τοῦ
1111 4417 1217 4484 φονέως,
1232 4409 1358 4483 δεόμενος
1376 4413 1426 4466 κτὲ.
