3590 5262
675 423 718 431 —
765 385 916 450 XXXVII
960 423 1003 431 —

262 561 381 623 tationis
415 561 579 628 elocutione
611 571 765 642 praecepto
798 571 930 644 excerpta
963 565 1055 625 esse¹.
1105 583 1179 644 quae
1206 583 1272 625 cum
1296 564 1335 626 ita
1359 566 1427 637 sint,

262 664 384 725 dubium
413 683 471 726 non
499 674 556 738 est,
585 665 656 744 quin
684 665 859 744 epitomator
886 667 998 745 singula
1021 668 1056 728 de
1089 667 1252 729 elocutione
1275 678 1427 749 praecepta

261 768 416 829 Alexandri
439 768 577 829 extremis
599 767 742 848 excerptis
765 767 946 847 singulorum
971 770 1008 831 de
1028 769 1195 831 inventione
1211 779 1359 832 tomorum
1375 771 1427 831 ad·

262 870 404 932 nexuerit.
448 890 483 931 ex
505 890 563 949 quo
586 870 763 949 intellegitur
785 872 911 932 eundem
928 872 1165 952 Harpocrationis
1179 873 1265 933 verba
1282 871 1429 948 §5138-

264 974 324 1035 142
346 993 361 1034 a
384 974 460 1046 sede,
483 992 571 1053 quam
594 974 624 1034 in
640 974 761 1036 Cornuti
783 975 851 1035 Arte
873 975 1012 1037 tenebant
1033 976 1110 1037 inter
1134 976 1370 1057 Harpocrationis
1392 976 1427 1037 de

261 1077 402 1158 prooemii
424 1086 453 1138 et
475 1077 735 1155 argumentationis
750 1077 914 1139 elocutione
929 1089 1091 1159 praecepta,
1114 1080 1272 1142 removisse
1295 1088 1325 1142 et
1338 1099 1428 1161 prop·

261 1188 337 1240 terea
369 1180 553 1241 enuntiatum
587 1179 663 1262 περὶ
697 1178 735 1242 δὲ
767 1180 822 1262 τῆς
854 1179 1037 1263 διηγήσεως
1062 1184 1189 1266 εἴρηται
1216 1181 1252 1246 ἐν
1276 1183 1321 1267 τῷ
1350 1183 1427 1265 περὶ

261 1277 415 1363 εὑρέσεως
437 1281 577 1366 δευτέρῳ
598 1279 689 1365 sopp
712 1283 736 1343 E
758 1284 839 1353 4917
861 1283 1031 1345 inseruisse.

344 1385 430 1447 Nunc
451 1385 582 1466 quinque
604 1395 710 1458 tomos,
732 1385 762 1446 in
786 1406 860 1467 quos
883 1386 1005 1448 Cornuti
1022 1389 1121 1450 Artem
1145 1388 1266 1450 divisam
1290 1407 1354 1450 esse
1376 1389 1427 1450 de-

260 1489 497 1562 monstravimus,
535 1489 689 1550 restituere
726 1490 935 1568 aggrediamur.
995 1491 1125 1553 membra
1162 1492 1198 1553 ab
1235 1491 1426 1572 epitomatore

259 1593 355 1654 luxata
378 1594 408 1654 in
431 1593 564 1655 ordinem
589 1593 748 1672 genuinum
773 1594 905 1673 redigere
927 1602 956 1655 et
977 1613 1052 1673 quae
1074 1594 1110 1656 eh
1124 1595 1316 1674 epitomatore
1330 1594 1425 1656 excisa

258 1695 303 1755 vel
325 1695 453 1758 breviata
476 1696 536 1757 sint
554 1698 717 1776 patefacere
736 1697 919 1758 conabimur.

442 1868 754 1932 KOPNOYTOY
788 1873 959 1932 ΤΕΧΝΗ
988 1872 1253 1933 ΡΗΤΟΡΙΚΗ

574 1967 657 2049 Περὶ
680 1959 837 2048 εὑρέσεως
860 1969 989 2050 πρῶτος
1010 1963 1117 2051 τόμος.

344 2079 463 2141 lnitium
494 2079 572 2140 Artis
604 2080 699 2141 multo
729 2080 832 2159 purius
865 2099 953 2160 quam
984 2081 1014 2141 in
1041 2081 1065 2141 E
1091 2081 1166 2161 apud
1195 2080 1291 2142 llSam
1319 2079 1425 2158 legitur

264 2181 469 2250 wv1511.:
1438 2261 1442 2268 ι

262 2326 293 2342 ..
317 2279 334 2345 ὁ
357 2282 563 2357 πολιτικὸς
585 2276 700 2362 λόγος
723 2285 770 2357 είς
791 2280 934 2367 τέσσαρα
956 2288 1035 2367 μέρη
1063 2284 1260 2367 διαιρεῖται·
1283 2285 1425 2366 προοί-

260 2408 373 2468 μιον,
396 2383 610 2470 διήγησιν,
634 2390 795 2464 πίστιν,
819 2385 1023 2466 ἐπίλογον·
1047 2385 1207 2473 χρῄζομεν
1228 2385 1290 2469 γὰρ
1312 2385 1354 2449 έν
1375 2386 1425 2470 τῷ

259 2490 463 2574 πολιτικῷ
481 2485 586 2572 λόγῳ
603 2495 792 2576 προοιμίων
809 2491 870 2574 μὲν
884 2489 968 2571 πρὸς
982 2488 1020 2554 τὸ
1035 2493 1309 2571 προσεχεστέροος
1324 2489 1426 2571 ποιῆ-

259 2608 317 2656 σαι
339 2591 415 2666 τούς
436 2589 611 2673 ἀκροατάς,
635 2593 816 2677 διηγήσεως
838 2593 875 2656 δὲ
898 2591 982 2675 πρὸς
1005 2593 1041 2656 τὸ
1057 2591 1193 2664 διδάξαι
1215 2590 1252 2656 τὸ
1275 2592 1424 2672 πρᾶγμα,

259 2697 323 2758 τῶν
353 2695 390 2758 δὲ
418 2699 564 2760 πίστεων
591 2697 675 2777 πρὸς
700 2696 738 2761 τὸ
766 2694 990 2760 ἀνασκειιάσαι
1018 2697 1073 2758 καὶ
1099 2687 1362 2759 κατασκευάσαι’
1388 2693 1426 2758 τὸ

259 2803 488 2882 προκείμενον,
511 2801 563 2862 coi
571 2821 589 2862 ν
611 2799 653 2863 δὲ
675 2797 873 2878 ἐπιλέγων
895 2799 978 2879 πρὸς
1000 2799 1036 2863 τὸ
1053 2797 1238 2881 έπιρρῶσαι
1253 2798 1310 2862 τὸν
1325 2794 1427 2861 deotl-

260 2922 338 2964 οντα
366 2902 413 2974 είς
439 2900 498 2985 τὴν
524 2899 608 2984 ὑπὲρ
637 2899 730 2986 ἡμῶν
752 2903 876 2986 ψῆφον.
921 2904 1071 2984 Epitomes
1093 2904 1179 2964 verba
1202 2899 1274 2986 ἢτοι
1297 2902 1426 2966 δικανι-

258 3002 314 3077 ιιδς
335 3005 413 3066 inter
435 3004 606 3078 πολιτικὸς
629 3016 658 3068 ct
679 2998 778 3083 λόγος
800 3006 863 3067 iure
886 3008 1000 3078 desunt,
1024 3008 1161 3087 quoniam
1186 3007 1334 3069 Cornutus
1361 3028 1426 3068 πο-

258 3105 385 3169 λιτικὸν
411 3099 513 3179 λόγον
539 3110 665 3170 eundem
693 3117 780 3188 atque
802 3107 975 3173 δικανικὸν
1000 3130 1064 3172 esse
1086 3129 1145 3173 nou
1167 3111 1313 3172 censebat.
1357 3129 1424 3170 nam

259 3201 289 3271 in
311 3211 380 3273 Arte
402 3212 489 3273 etiam
513 3211 548 3272 de
571 3212 702 3273 oratione
725 3212 909 3274 deliberativa
932 3223 1086 3294 praecepta
1108 3215 1205 3287 tradit,
1229 3224 1262 3275 ut
1283 3213 1306 3274 E
1328 3212 1425 3288 5513,

262 3316 311 3388 14,
326 3313 365 3375 43
373 3315 395 3387 ³,
418 3324 448 3375 et
463 3334 548 3395 saepe
563 3315 710 3376 orationes
725 3316 813 3377 huius
830 3316 943 3395 generis
957 3336 982 3377 e.
999 3336 1025 3396 g.
1042 3317 1143 3389 adfert,
1166 3326 1200 3377 ut
1213 3316 1237 3377 Ε
1252 3314 1272 3377 8
1288 3349 1322 3388 π,
1338 3315 1378 3376 26
1390 3346 1425 3388 τι,

259 3417 350 3488 431..
399 3418 497 3498 itaque
523 3418 644 3480 nomine
675 3416 847 3482 πολιτικοῦ
873 3417 973 3496 λόγου
996 3430 1026 3481 et
1046 3421 1208 3482 iudicialem
1232 3428 1262 3480 et
1283 3419 1425 3480 delibera-

259 3519 347 3581 tivam
371 3521 531 3583 orationem
556 3521 813 3602 comprehendisse
835 3523 983 3602 putandus
1006 3533 1059 3597 est,
1076 3523 1160 3584 unde
1182 3521 1269 3582 verba
1284 3518 1357 3603 ἢτοι
1372 3519 1425 3582 δι-

259 3623 392 3697 κανικὸς
417 3624 454 3685 ab
480 3624 672 3704 epitomatore
700 3626 765 3705 ipso
794 3636 846 3687 aut
871 3637 972 3707 postea
998 3628 1106 3688 inserte
1136 3645 1199 3687 esse
1226 3624 1424 3702 consequitur.

327 3829 335 3861 ¹
356 3829 440 3880 Verba
459 3828 538 3893 §242
557 3830 643 3880 eodem
665 3832 738 3880 inodo
761 3837 835 3896 atque
858 3839 990 3896 praccepta
1009 3831 1146 3896 dequibus
1164 3831 1190 3880 iu
1209 3831 1265 3879 adu.
1284 3827 1424 3882 XXXVla

259 3897 433 3958 disseruimus,
452 3898 586 3963 superiore
604 3898 659 3948 loco
678 3898 756 3964 §196
774 3899 954 3965 praetermissa
974 3914 1030 3949 esee
1049 3901 1174 3948 videntur.

325 3963 555 4017 1ιιατασιιεοοὶσαι
577 3961 593 4029 ἢ
617 3959 802 4018 ἀνασκευάσαι
820 3966 838 4016 Ρ
861 3968 973 4018 exhibet.
1008 3967 1152 4016 coniunctio
1174 3960 1191 4028 ἢ
1215 3967 1279 4031 apud
1298 3965 1377 4014 llSam
1398 3965 1425 4014 iu

258 4037 303 4084 καὶ
329 4041 447 4100 corrupta
476 4041 526 4096 est,
552 4036 614 4084 ordo
635 4035 798 4085 terminorum
820 4036 845 4084 iu
865 4035 884 4084 P
902 4035 1005 4085 librarii
1027 4036 1101 4101 culpa
1129 4035 1263 4111 inversum'
1285 4049 1341 4084 esse
1365 4033 1425 4100 lipi-

258 4110 339 4153 tomes
357 4108 478 4168 excerpto
499 4103 529 4153 W
545 4101 589 4154 Vll
608 4103 808 4171 aerumpnas,
829 4104 872 4154 nbi
889 4098 1064 4161 ἀναστενάζει
1080 4095 1096 4166 ἢ
1115 4101 1303 4160 κατασκευαζει
1321 4102 1423 4164 legitur.

259 4169 291 4222 cl.
310 4172 341 4221 de
357 4172 445 4221 ordine
463 4173 550 4222 horum
569 4172 734 4222 terminorum
752 4171 773 4222 ll
791 4172 824 4222 36
836 4188 869 4225 ra.

326 4238 338 4272 ³
356 4239 503 4290 Orationem
526 4240 751 4291 demonstrativam
774 4240 901 4290 Cornutus
923 4256 972 4289 uon
995 4246 1069 4289 curat
1091 4237 1249 4289 Theodorum
1271 4246 1301 4289 ut
1322 4237 1425 4289 videtur

259 4317 377 4369 secutus.
394 4309 436 4374 qui
458 4309 527 4359 cirea
549 4309 642 4360 civiles
664 4309 759 4358 demum
782 4309 943 4373 quaestiones
962 4309 978 4359 i.
998 4322 1020 4357 e.
1039 4307 1174 4358 iudiciales
1193 4312 1220 4357 et
1238 4307 1424 4358 deliberativas

260 4383 377 4426 oratores
395 4376 520 4427 iudicavit
531 4378 632 4428 versari
650 4384 676 4426 et
693 4384 790 4444 partem
804 4377 956 4427 laudativam
969 4376 1091 4428 excludit.
1127 4375 1158 4427 cl.
1172 4374 1259 4444 Quint.
1271 4376 1291 4426 ll
1307 4375 1337 4426 ld
1347 4387 1423 4437 auat.
