3590 5262
706 393 954 457 -le-

244 572 381 632 τεϊσθαι
398 571 579 651 προοίμιον
593 571 799 650 respondebat,
820 580 849 633 et
864 572 1046 634 enumeratio
1062 581 1200 652 quattuor
1215 575 1412 637 narrationem

247 674 501 756 praetermittendi
523 693 676 736 causarum
701 676 751 754 (ξ)
770 676 949 756 117-120)
972 677 1164 756 occupabant.
1196 696 1285 757 quam
1308 679 1356 741 illa
1379 681 1414 741 de

246 779 409 845 differentia
438 775 617 861 διηγήσεως
644 785 674 838 et
702 777 933 853 καταστάσεως
961 780 1047 841 verba
1076 783 1105 856 (ξ
1131 780 1204 858 112)
1227 790 1327 844 secuta
1350 803 1415 845 esse

246 882 409 956 sumimus,
441 882 550 962 quippe
581 900 656 961 qnae
681 899 736 962 pro
762 883 921 963 appendice
946 883 1094 964 praecepti
1133 885 1234 958 §119
1264 886 1416 968 φανερῶν

246 983 350 1050 ὄντων
382 985 447 1049 τῶν
480 981 682 1067 πραγμάτων
708 983 863 1069 περιττὸν
889 983 926 1048 τὸ
960 984 1157 1068 διηγεῖσθαι
1186 987 1319 1050 habenda
1346 989 1415 1051 sint.

246 1110 313 1152 nam
338 1089 434 1166 §112
457 1085 656 1160 κατάστασις
677 1097 729 1150 aut
751 1085 912 1172 προβολή,
936 1089 961 1151 si
983 1109 1031 1151 res
1053 1099 1169 1170 apertae
1192 1089 1262 1164 sint,
1285 1092 1417 1154 adhiberi

247 1204 277 1256 et
299 1195 360 1255 vice
383 1191 559 1255 narrationis
582 1191 666 1272 lungi
688 1192 855 1255 dicuntur1.
900 1212 934 1254 eo
956 1192 1054 1274 igitur,
1081 1194 1161 1274 quod
1183 1193 1255 1256 baec
1276 1195 1362 1257 verba
1385 1196 1416 1256 in

246 1298 381 1378 Epitoma
406 1295 668 1376 Apollodorecrum
699 1297 734 1358 de
761 1295 938 1358 narrationis
964 1316 1021 1358 usu
1049 1305 1237 1378 praeceptum
1266 1307 1416 1372 anteennt,

247 1401 438 1462 confirmatur
460 1398 574 1460 Neoclis
604 1401 856 1462 enumerationem
880 1410 1020 1481 quattuor
1052 1403 1250 1464 narrationem
1285 1411 1417 1481 praeter-

249 1504 385 1566 mittendi
412 1521 587 1578 cansarum,
615 1523 704 1584 quarn
735 1503 792 1565 illis
818 1504 915 1566 verbis
938 1504 1131 1567 antecessisse
1153 1514 1267 1566 certum
1292 1515 1353 1580 est,
1380 1507 1417 1568 ab

248 1610 440 1688 epitomatore
471 1625 523 1667 sua
553 1604 622 1666 sede
649 1613 792 1668 remotam
820 1617 849 1670 et
875 1607 954 1670 inter
980 1609 1134 1670 Alexandri
1161 1608 1248 1670 verba
1275 1609 1416 1671 insertam

247 1730 321 1774 esse.
365 1709 471 1792 prioris
499 1709 591 1789 partis
619 1710 749 1772 secundo
778 1711 842 1773 loco
869 1713 1130 1793 Apollodoreorum
1152 1721 1356 1793 praeceptum,
1384 1724 1419 1776 ut

247 1833 365 1896 semper
396 1821 580 1885 narraretur,
613 1832 681 1874 cnm
710 1814 874 1876 rationibus
904 1816 993 1878 huius
1022 1815 1172 1898 praecepti
1198 1817 1328 1896 positum
1356 1825 1419 1879 erat

248 1922 296 1996 (ᾗ)
315 1917 519 1999 113-115),
554 1916 640 1979 tertio
663 1918 819 1979 Alexandri
845 1919 1025 1982 contrarium
1058 1928 1246 2001 praeceptum
1280 1928 1310 1982 et
1336 1922 1383 1982 rel
1402 1955 1417 1966 -

247 2025 373 2085 tationes
395 2023 511 2085 illarum
534 2021 681 2083 rationum
705 2024 735 2096 (ξ
752 2021 821 2093 116,
846 2027 883 2098 ξς
901 2023 1091 2105 121-123).

246 2125 419 2207 posterioris
462 2126 553 2208 partis
589 2123 672 2185 initio
710 2124 825 2186 Neoclis
863 2136 1069 2206 praeceptum,
1115 2137 1149 2189 ut
1186 2125 1315 2187 narratio
1357 2144 1417 2187 non

248 2248 365 2310 semper
391 2239 458 2310 post
485 2227 671 2310 prooemium
698 2227 749 2289 sed
776 2228 844 2290 alibi
872 2229 928 2290 allo
954 2228 1018 2291 loco
1046 2228 1252 2303 collocaretur,
1285 2240 1315 2291 et
1342 2248 1418 2291 enu-

249 2333 371 2395 meratio
387 2334 516 2413 quinque
531 2333 663 2392 locorum
680 2330 731 2411 (§§
749 2331 930 2412 126-128)
945 2333 1038 2394 adlata
1055 2343 1126 2394 erat.
1159 2351 1248 2413 quam
1259 2332 1418 2413 Apollodo-

248 2456 368 2498 reorum
397 2438 432 2498 de
458 2438 522 2498 loco
549 2434 725 2496 narrationis
747 2435 836 2496 verba
859 2440 888 2511 (ξ
906 2436 980 2515 124)
1008 2436 1217 2515 sequebantur.
1262 2436 1418 2498 Alexandri

248 2550 446 2622 pracceptum,
470 2549 503 2602 ut
525 2539 653 2601 narratio
676 2557 736 2599 non
760 2538 856 2599 solum
878 2549 947 2601 aute
962 2541 1246 2619 argumentationem
1263 2540 1314 2600 sed
1329 2540 1416 2602 etiam

247 2645 278 2705 in
311 2645 563 2724 argumentatione
596 2643 659 2724 ipsa
690 2651 862 2724 poneretur,
897 2652 926 2704 et
954 2643 1109 2705 Alexandri
1142 2643 1272 2724 repulsio
1303 2663 1416 2718 eorum,

247 2748 299 2828 qui
322 2751 365 2811 vel
387 2756 455 2829 post
477 2747 762 2828 argumentationem
785 2757 816 2809 et
830 2747 860 2808 in
877 2747 989 2828 epilogo
1004 2747 1118 2808 narrari
1132 2747 1268 2809 volebant
1290 2750 1338 2824 (ἕξ
1357 2747 1417 2810 129

247 2888 288 2896 -
301 2851 385 2930 131),
407 2851 439 2912 in
462 2863 593 2914 extrema
614 2851 669 2912 bac
690 2859 774 2931 parte
796 2859 868 2912 erat.

331 2954 397 3016 Uno
419 2955 483 3016 loco
506 2955 630 3016 duarum
654 2954 782 3035 partium
803 2953 926 3016 Cornuti
940 2953 1030 3027 Artis,
1053 2973 1178 3035 quarum
1196 2953 1416 3035 dispositionem

247 3058 469 3139 epitomatorem
504 3058 693 3140 perturbasse
726 3057 868 3132 vidimus,
902 3057 1027 3119 eundem
1059 3058 1202 3137 quaedam
1231 3057 1416 3119 omittentem

249 3161 508 3241 deprehendimus.
542 3149 746 3224 desiderantur
768 3161 847 3223 enim
869 3180 944 3241 quae
970 3160 1134 3224 Alexander
1155 3161 1416 3243 Apollodoreorum

248 3264 410 3326 sentcntiae
432 3265 455 3325 E
475 3264 515 3324 22
536 3297 549 3335 ³
576 3258 628 3326 ὅτι
652 3260 761 3338 οὐδεὶς
783 3264 849 3327 τῶν
871 3259 1018 3348 ἀρχαίων
1040 3263 1168 3346 παρῆκε
1190 3261 1345 3346 διήγησιν
1366 3283 1417 3325 re-

248 3367 399 3448 sponderit
421 3367 471 3447 (ci.
495 3368 570 3442 §29
593 3376 623 3429 et
645 3367 743 3446 533).
777 3369 901 3449 plurane
922 3368 953 3428 in
976 3368 1023 3430 bis
1046 3367 1179 3447 partibus
1202 3367 1284 3429 etin
1308 3367 1417 3430 duabas

247 3471 389 3553 proximis
422 3473 472 3551 (ἐξ
496 3470 570 3545 132,
597 3470 674 3546 133;
699 3470 773 3546 134,
799 3471 871 3548 135)
905 3471 1002 3533 excisa
1034 3478 1204 3551 mutataque
1237 3471 1296 3534 sint
1329 3471 1418 3533 statui

247 3575 358 3655 nequit.

574 3749 656 3831 Περὶ
680 3743 837 3833 εὑρέσεως
859 3744 966 3832 τρίτος
987 3745 1095 3832 τόμος.

331 3867 473 3946 Excerpta
502 3866 590 3927 buius
618 3866 691 3928 tomi
713 3885 729 3927 a
752 3866 970 3928 delinitionibus
992 3868 1152 3940 πίστεως,
1180 3885 1304 3947 quarum
1328 3866 1418 3928 altera

246 3990 391 4052 anonyma
414 3978 459 4031 est
481 3969 629 4045 (§143)²,
653 3970 742 4032 altera
757 3969 914 4031 Alexandri
936 3988 1044 4032 nomen
1067 3989 1136 4051 prae
1158 3989 1189 4032 se
1212 3973 1269 4032 lert
1285 3974 1315 4048 (ξ
1333 3970 1416 4049 144),

315 4149 324 4182 ¹
343 4150 396 4200 llac
414 4165 442 4201 ro
461 4148 581 4212 allicitur,
599 4155 628 4198 nt
645 4147 661 4213 ξ
676 4149 723 4199 112
741 4147 833 4199 Neocli
851 4148 1033 4199 adscribamus.

315 4217 325 4251 ²
343 4220 425 4284 Supra
448 4233 480 4269 ex
499 4234 537 4280 co,
560 4217 625 4283 qnod
643 4233 781 4285 anonymos
800 4217 905 4268 membri
924 4225 949 4267 et
967 4217 1068 4283 periodi
1093 4217 1254 4268 definitiones
1275 4217 1308 4280 (ll
1327 4215 1418 4282 §alm

247 4288 353 4338 Cornuti
377 4302 434 4338 esse
457 4293 565 4348 constat,
588 4285 726 4338 Cornutum
744 4286 818 4338 Artis
836 4293 965 4337 auctorem
984 4302 1041 4336 esse
1060 4287 1239 4336 conclusimus.
1275 4302 1340 4336 nunc
1358 4303 1418 4336 con-

247 4357 328 4406 traria
354 4356 484 4406 conclusio
510 4354 625 4407 facienda
647 4361 695 4405 est.
731 4371 785 4405 cnm
810 4356 949 4405 Cornutum
971 4357 1060 4404 Artem
1082 4357 1254 4420 composuisse
1278 4356 1417 4416 credamus,

248 4425 272 4474 ei
294 4440 442 4491 anonymam
466 4427 584 4480 πίστεως
606 4424 777 4475 definitionem
797 4424 962 4474 vindicamus.
997 4431 1076 4474 totana
1095 4425 1161 4474 enirn
1178 4423 1194 4490 ᾖ
1210 4423 1257 4474 143
1276 4425 1306 4474 ab
1325 4441 1373 4474 uno
1393 4431 1418 4474 et
