3586 5260
835 349 1055 412 ,42-

359 528 466 599 ταίοις
496 523 618 608 μόνον,
647 523 732 589 ἀλλὰ
758 523 814 588 καὶ
844 525 879 589 ἒν
904 535 975 600 τοῖς
996 528 1110 609 μέσοις
1133 525 1343 609 ποιούμεθα·
1369 521 1530 609 ὅτανγὰρ

361 627 472 693 πολλὰ
492 650 511 718 η
534 629 590 691 καὶ
613 627 896 712 δυσμνημόνευτα,
918 625 991 692 τότε
1013 628 1069 692 καὶ
1092 625 1251 703 πολλάκις
1278 625 1361 692 aniani
1383 625 1531 712 ἀναμνή-

360 751 473 817 σομεν,
497 729 535 798 ού
559 729 669 797 πάντα
692 730 852 808 πολλάκις
873 732 1021 810 λέγοντες
1044 729 1129 797 ἀλλά
1149 730 1191 794 τὰ
1214 731 1274 814 μὲν
1296 729 1357 816 ἤδη
1374 754 1530 816 προειρη-

360 840 444 920 μένα
465 834 779 920 ἀναμιμνήσκοντες,
802 831 844 896 τά
865 830 903 896 δὲ
924 836 1006 918 μετά
1028 837 1131 900 ταῦτα
1146 833 1251 899 πάλιν
1267 831 1531 918 ἀνακεφαλαιού-

358 963 463 1024 μενοι.
513 941 584 1002 212.
612 937 685 1002 ἀλλ’
710 934 788 1002 οὐδὲ
810 938 872 1000 τῶν
898 933 1077 1022 εἰρημένων
1098 938 1208 1002 πάντα
1234 936 1567 1021 ἀνακεφαλαιωσύ·5

360 1046 465 1128 μεθα,
479 1039 552 1106 ἀλλ’
567 1039 630 1105 ὅσα
641 1041 702 1126 μὲν
713 1042 851 1125 ἰσχυρῶς
863 1043 961 1123 ἔσμεν
972 1039 1151 1119 λελυκότες,
1163 1043 1267 1105 ταῦτα
1279 1037 1531 1125 ἀνακεφαλαιω-

360 1150 490 1211 σασθαι
517 1143 694 1230 προσήκει,
722 1145 764 1208 τὰ
785 1144 823 1208 δὲ
846 1143 959 1225 σαθρὰ
982 1145 1198 1227 παραλιπεῖν.
1244 1141 1282 1208 ού
1304 1144 1369 1229 μην
1391 1141 1470 1208 οὐδὲ
1490 1145 1532 1209 τά
1607 1131 1610 1136 ’

357 1243 526 1328 ἀναγκαία
547 1249 611 1313 τῶν
634 1245 812 1312 ἀντιδίκων
834 1243 999 1331 κεφάλαια
1021 1245 1164 1311 πάντοτε
1190 1244 1432 1332 ἀναμνησομεν,
1456 1244 1529 1311 ἀλλ’

357 1352 468 1416 ἐκεῖνα
496 1348 518 1414 ἀ
543 1350 600 1436 την
629 1348 813 1436 ἀνάμνησιν
843 1348 1025 1429 ἀναγκαίαν
1055 1348 1121 1431 ἔχει
1155 1352 1211 1413 καὶ
1245 1347 1325 1436 ἡμῖν
1359 1349 1530 1436 χρήσιμον.

360 1457 432 1520 213.
456 1455 514 1540 την
547 1454 584 1518 δὲ
614 1458 679 1519 τῶν
711 1454 902 1540 κεφαλαίων
935 1449 1119 1536 ἀνάμνησιν
1152 1453 1234 1517 ποτὲ
1268 1454 1328 1538 μὲν
1357 1453 1440 1537 μετὰ
1465 1456 1530 1520 των
1552 1469 1585 1523 10

357 1562 506 1622 πίστεων
528 1556 746 1643 ποιησόμεθα
768 1558 850 1622 ποτὲ
873 1556 910 1620 δὲ
931 1554 1046 1641 ψιλήν.
1091 1553 1171 1621 ὅταν
1193 1557 1252 1642 μὲν
1275 1553 1333 1623 ούν
1357 1556 1376 1642 ἢ
1399 1558 1530 1643 ἰσχυραὶ

360 1657 442 1725 ὦσιν
469 1657 506 1724 αἱ
535 1665 678 1737 πίστεις,
708 1659 727 1745 ἢ
750 1660 893 1744 ἐξίτηλοι
916 1671 986 1734 τοϊς
1010 1656 1179 1737 ἀκούουσι,
1202 1660 1277 1725 τότε
1299 1658 1530 1746 ἀναμνήσομεν

357 1765 440 1848 μετὰ
460 1766 526 1830 τῶν
541 1761 759 1841 ἀποδείξεων,
776 1761 855 1828 ὅταν
871 1762 908 1836 δὲ
924 1761 943 1848 ἢ
960 1759 1117 1837 ἀσθενεῖς
1133 1759 1214 1830 οἷσιν
1229 1763 1249 1849 ἢ
1264 1776 1335 1842 τοῖς
1350 1762 1530 1830 ἀκούουσιν

357 1865 625 1952 εὖμνημύνευτοι,
650 1866 757 1952 ψιλῶς
779 1868 844 1931 τῶν
866 1868 1057 1950 κεφαλαίων
1077 1863 1315 1952 ἀναμνησομεν.
1360 1870 1431 1933 214.
1456 1868 1528 1953 εἴδη
1549 1874 1603 1930 455

358 1971 396 2036 δὲ
427 1973 484 2058 τῆς
516 1968 837 2056 ἀνακεφαλαιάσεως
872 1971 1016 2056 Νεοκλῆς
1047 1970 1106 2055 μὲν
1138 1968 1278 2056 τέτταρα
1311 1973 1397 2036 εἶναί
1430 1991 1527 2059 φησι·
1550 1979 1583 2034 15

357 2077 442 2139 καθ’
471 2072 654 2152 ύπόθεσιν,
688 2076 771 2138 κατὰ
797 2073 928 2151 στάσιν,
958 2075 1030 2136 κατ’
1061 2073 1280 2159 ἐπιχείρησιν,
1311 2078 1394 2140 κατὰ
1414 2075 1528 2143 τόπον.

357 2181 429 2242 215.
452 2178 535 2243 κατὰ
549 2179 612 2263 μὲν
626 2175 683 2243 οὖν
697 2175 868 2243 ύπύθεσιν
883 2173 1172 2261 ἀνακεφαλαίωσις
1187 2183 1326 2256 γίνεται,
1350 2177 1430 2248 ὅταν
1445 2178 1530 2246 αύτά

356 2284 397 2345 τά
419 2282 477 2366 την
499 2279 669 2347 ύπόθεσιν
691 2277 901 2365 πεποιηκότα
923 2281 1032 2367 ψιλοῖς
1053 2279 1284 2364 ε’κτιθοίμεθα,
1308 2281 1380 2348 οἷον
1402 2283 1526 2370 (ἔστω)

359 2383 514 2469 ἀσεβείας
547 2381 718 2471 κρινομένη
752 2382 771 2470 ἡ
803 2383 928 2468 Φρύνη·
964 2384 1019 2447 καὶ
1046 2383 1108 2465 γὰρ
1131 2383 1299 2468 ἐκώμασεν
1321 2385 1356 2451 ἒν
1380 2391 1528 2473 Λυκείῳ,

361 2488 455 2573 (καὶ)
480 2489 595 2553 καινόν
618 2489 771 2573 εἲσηγαγε
793 2485 889 2565 θεόν,
914 2489 968 2552 καὶ
991 2488 1137 2563 θιάσους
1152 2486 1280 2572 ἀνδρῶν
1296 2490 1350 2553 καλ
1366 2493 1529 2569 γυναικῶν
1547 2497 1582 2552 20

358 2590 547 2676 συνήγαγεν.
581 2590 620 2676 (ἡ
642 2590 966 2677 ἀνακεφαλαίωσις·>
996 2592 1168 2666 «ἐπέδειξα
1190 2597 1302 2657 τοίνυν
1324 2589 1403 2676 ύμῖν
1425 2591 1528 2678 ἀσεβῆ

358 2692 501 2779 Φρύνην,
518 2692 722 2779 κωμάσασαν
737 2694 894 2773 ἀναιδῶς,
911 2699 1028 2761 καινού
1043 2697 1127 2761 θεοῦ
1143 2695 1366 2780 είσηγητριαν,
1382 2693 1526 2770 θιάσους

356 2793 486 2882 ἀνδρῶν
508 2796 693 2882 ἕκθέσμους
715 2801 770 2862 καὶ
787 2802 951 2879 γυναικῶν
968 2802 1244 2879 συναγαγοῦσαν».
1288 2799 1377 2884 ψιλά
1391 2798 1453 2882 γὰρ
1469 2801 1527 2864 νύν

355 2898 397 2963 τά
410 2898 590 2984 πράγματα
605 2900 780 2986 διηγεῖται.
804 2903 875 2965 216.
892 2901 976 2967 κατὰ
991 2900 1109 2967 στάσιν
1120 2903 1157 2968 δὲ
1173 2899 1462 2988 ἀνακεφαλαίωσις
1476 2907 1527 2981 γί-

424 3027 441 3093 ξ
460 3028 509 3077 212
527 3027 572 3079 All
591 3027 706 3080 Marcell.
719 3029 752 3082 lV
771 3031 821 3080 426
834 3031 964 3085 ror-4272
999 3029 1078 3095 §214
1096 3029 1138 3080 ur
1157 3028 1227 3080 Prol.
1241 3029 1274 3080 W
1290 3027 1332 3080 Vll
1350 3029 1382 3079 21
1395 3045 1473 3084 no-re

425 3150 454 3201 11
475 3143 613 3216 coeptu
630 3149 669 3219 μὴ
688 3151 773 3216 delli,
795 3147 844 3216 tu
900 3154 931 3204 14
947 3152 1066 3220 ψιλώνί)
1086 3168 1123 3204 em
1136 3152 1170 3219 Sp
1225 3152 1255 3203 18
1274 3149 1527 3220 δκτιτέμεθαΡοω

355 3216 405 3280 Sep
436 3217 444 3285 ΙΙ
474 3215 542 3270 ἔστω
560 3219 645 3270 addF
697 3221 729 3271 20
750 3223 796 3272 καλ
813 3221 892 3273 addF
921 3224 932 3287 l}
960 3223 1006 3272 καλ
1024 3229 1081 3272 ante
1100 3213 1215 3276 θιάσους
1232 3217 1309 3270 delli
1362 3222 1394 3272 23
1412 3234 1527 3276 συνανα-

354 3283 491 3352 γοῦσανΡ
511 3304 548 3338 em
562 3289 612 3352 Sep
962 3293 966 3302 '

422 3408 506 3474 §212
525 3410 633 3475 Sopater
652 3411 687 3462 W
705 3409 738 3463 lV
758 3412 846 3464 41521
870 3405 1020 3480 ληψόμεθα
1047 3408 1109 3476 (τὴν
1135 3404 1388 3478 ἀνακεφαλαίωσιν)
1415 3409 1466 3480 οὐχ
1492 3409 1528 3469 ὡς

353 3477 446 3545 ἔτυχεν
467 3473 529 3530 οὐδὲ
550 3477 661 3531 πάντων
683 3475 756 3544 ὁμοῦ
780 3480 834 3532 τῶν
850 3478 879 3530 λυ
896 3483 951 3536 τοῖς
968 3476 1082 3547 ἀγῶσιν,
1110 3477 1178 3530 ἀλλὰ
1198 3482 1252 3531 τῶν
1270 3479 1421 3548 ἐπικαίρων
1438 3482 1484 3531 καὶ
1500 3481 1530 3540 ἐξ

355 3545 394 3596 ὡν
416 3542 579 3613 ἰοχύομεν·.
596 3585 602 3597 .
621 3547 650 3599 ἐν
670 3545 721 3615 μὲν
742 3543 796 3618 γὰρ
817 3551 873 3605 τοῖς
896 3544 1000 3616 ἀγῶσιν
1021 3545 1124 3616 ἀνάγκη
1142 3545 1274 3606 πολλάκις
1291 3549 1337 3598 καὶ
1356 3543 1398 3605 οἷς
1416 3543 1447 3600 οὐ
1466 3550 1528 3600 λίαν

355 3606 551 3696 λσγυριζόμεθα
575 3617 614 3670 εἰς
635 3613 685 3666 τὸν
705 3613 790 3682 λόγου
806 3616 1044 3687 παραλαμβάνειν·
1058 3656 1063 3668 .
1078 3654 1085 3668 .
1102 3615 1132 3669 ἐν
1150 3615 1179 3668 δὲ
1195 3619 1250 3674 τοῖς
1267 3609 1412 3685 ἐπιλόγοις,
1433 3612 1526 3682 ἐπειδὴ

353 3701 405 3734 των
423 3677 595 3750 πραγμάτων
611 3682 686 3736 ἐστὶν
703 3679 945 3752 ἀνακεφαλαίωοις,
963 3682 996 3736 ού
1014 3684 1059 3737 δεῖ
1075 3687 1130 3737 τῶν
1147 3681 1350 3752 ἀσθενεστέρων
1359 3686 1526 3754 μεμνῆσθαι.

353 3751 431 3816 §215
450 3750 481 3802 cl.
501 3769 564 3818 qnae
582 3752 706 3820 Sauppiua
720 3751 764 3803 0r.
778 3752 867 3804 Att.ll
885 3754 934 3804 302
953 3763 979 3804 et
997 3755 1046 3804 320
1065 3757 1096 3806 δε
1113 3755 1159 3803 hec
1171 3755 1187 3818 ξ
1200 3754 1311 3804 disserit.
1347 3754 1426 3820 §2¹6
1444 3754 1527 3808 ἔστω

353 3819 495 3877 Φειδίας
512 3820 569 3872 xri
585 3822 649 3872 hene
667 3823 852 3886 expositionem
870 3838 961 3873 censue
979 3824 1044 3873 haud
1062 3824 1187 3885 integrum
1201 3839 1256 3874 ense
1270 3839 1325 3872 cum
1338 3823 1463 3890 particule
1476 3822 1527 3890 μὲν

354 3896 407 3939 tum
421 3890 635 3956 recapitulatione
647 3890 702 3954 ipen
716 3891 911 3942 demonstretur.
933 3892 1018 3956 itnque
1032 3892 1066 3943 ita
1078 3892 1133 3941 lere
1146 3891 1306 3942 scribendum
1319 3907 1449 3944 censemus
1459 3909 1526 3958 χρυ-

354 3960 415 4009 σίου
428 3958 648 4026 (καταγνωσθεὶς
658 3954 706 4008 ὑπ’
716 3952 836 4022 Ἠλείων,
854 3955 930 4017 ὡςδὲ
941 3953 1095 4026 ἱερόσυλος)
1109 3951 1323 4027 βασανιζόμενος
1334 3962 1381 4011 καλ
1391 3955 1528 4026 τεθνηκώς

354 4026 385 4076 cl.
410 4029 519 4077 alterum
542 4027 626 4077 Schol.
651 4028 681 4077 ed
701 4027 831 4093 Aristoph.
851 4026 908 4078 Pac.
926 4029 974 4078 605
998 4027 1183 4098 ίργολαβησας
1202 4024 1277 4099 παρὰ
1296 4027 1350 4080 τῶν
1367 4027 1477 4080 Ἠλείων
1493 4024 1524 4078 τὸ

353 4087 464 4176 άγολμα
482 4095 528 4145 τοῦ
540 4091 607 4152 Διὸς
623 4095 672 4145 τοῦ
687 4092 835 4162 Ὀλυμπίου
846 4098 891 4146 καὶ
900 4093 1103 4163 ’καταγνωσθεὶς
1114 4093 1159 4147 ὑπ’
1172 4091 1262 4147 αὐτῶν
1274 4092 1310 4154 ὡς
1321 4095 1527 4164 νοσφισάμενος

354 4162 798 4296 dltltntilillidit?
815 4164 1526 4298 llll553²&erltltlill?tellite

354 4299 456 4365 saepius
469 4302 589 4364 agitatum
603 4317 659 4352 ense
672 4302 783 4352 Senecae
796 4303 883 4353 Contr.
896 4301 951 4353 Vlll
965 4304 979 4350 2
992 4304 1138 4353 testimonio
1151 4311 1218 4352 eunt.
1248 4302 1429 4368 recapitulatio
1447 4302 1525 4368 §216

354 4369 439 4418 udlata
459 4385 471 4420 e
491 4370 674 4447 declamatione
687 4377 784 4436 sumpta
797 4378 845 4434 est,
864 4387 911 4436 qno
924 4371 981 4420 lllei
1000 4379 1103 4438 propter
1117 4387 1202 4421 necem
1214 4370 1319 4421 Phidiae
1331 4373 1445 4421 accusati
1458 4378 1524 4424 sunt.
