3590 5262
764 408 862 429 .-
910 370 999 437 LXII
1044 409 1076 420 —

370 551 498 633 positum
534 551 586 623 sit,
621 561 655 614 ut
689 552 842 613 occasione
876 552 941 613 data
975 551 1005 613 in
1034 551 1200 614 universam
1231 551 1392 614 doctrinam
1416 551 1537 633 logicam

369 656 523 717 rhetorum
558 653 729 734 diligentius
764 653 965 733 inquiramus,
994 673 1104 717 munus
1127 655 1206 735 quod
1228 674 1309 717 nunc
1332 656 1538 730 detrectamus,

368 759 400 820 iu
422 759 493 821 illud
517 767 635 839 ternpus
658 758 831 820 diberimus.

455 863 597 943 Excerpta
626 861 776 942 proximae
799 861 922 924 Cornuti
943 861 1022 923 Artis
1048 861 1154 942 partis,
1188 882 1245 942 qua
1273 863 1404 925 inventio
1432 863 1540 943 proba-

370 965 487 1027 tionum
525 965 719 1039 tractabatur,
753 964 777 1025 E
803 969 841 1040 66
865 964 1039 1027 169-185
1074 965 1221 1045 leguntur.
1275 966 1405 1046 primum
1442 967 1539 1029 locum

372 1068 530 1130 Alexandri
558 1067 688 1131 definitio
718 1062 824 1130 adnuo
854 1068 968 1131 obtinet
990 1069 1021 1147 (§
1040 1069 1123 1149 169).
1169 1069 1271 1132 deiude
1294 1070 1399 1132 Neocle
1421 1080 1540 1133 auctore

371 1171 444 1251 quid
478 1172 585 1252 singuli
617 1172 750 1235 rhetores
777 1171 812 1232 de
840 1172 967 1253 propriis
994 1181 1024 1234 et
1050 1172 1258 1234 communibus
1285 1175 1362 1255 topis
1386 1175 1541 1237 docuerint

372 1275 529 1355 exponitur
550 1277 582 1354 (6
601 1275 683 1350 tto).
728 1284 792 1336 tum
820 1275 881 1356 topi
909 1294 1095 1351 communes,
1124 1296 1198 1356 quos
1221 1277 1343 1340 Neocles
1365 1277 1540 1360 principales

373 1379 471 1452 duxit,
499 1388 711 1441 enumerantur
738 1387 769 1439 et
795 1377 926 1439 eiusdem
955 1378 991 1439 de
1017 1379 1123 1441 borum
1148 1390 1285 1462 toporum
1310 1403 1364 1445 usu
1387 1389 1540 1463 praecepta

372 1481 547 1543 adieruntur
570 1487 619 1558 t§§
638 1480 826 1554 171-185).
861 1491 890 1542 et
912 1480 1026 1544 Neoclis
1048 1483 1145 1545 verbis
1168 1485 1231 1546 eius
1255 1486 1455 1548 definitionem
1479 1483 1541 1564 topi

372 1604 388 1646 a
411 1583 543 1646 Cornuto
565 1587 758 1667 praemissam
780 1604 845 1646 asse
867 1584 1044 1660 conicimus,
1076 1596 1106 1649 et
1128 1587 1282 1651 Alexandri
1304 1598 1441 1670 toporum
1465 1607 1541 1649 enu-

374 1691 566 1754 merationem
590 1689 626 1751 ab
649 1689 840 1770 epitomatore
859 1688 1000 1751 omissam
1016 1709 1081 1751 esse
1104 1690 1227 1753 Cornuti
1242 1693 1321 1754 Artis
1345 1700 1482 1772 excerpto
1505 1690 1541 1752 ab

374 1794 567 1875 Hermogenis
591 1792 752 1855 Scholiasta
775 1793 852 1853 lacto
874 1792 1102 1855 demonstratur.
1147 1795 1384 1869 7771176211,
1407 1794 1431 1855 V
1453 1793 1541 1862 4042

373 1898 482 1961 -466
503 1930 528 1968 u
556 1896 634 1958 enirn
659 1897 701 1958 eis
730 1897 765 1958 de
793 1897 1010 1977 enthymemate
1038 1897 1148 1972 verbis,
1182 1918 1257 1978 quae
1290 1898 1445 1960 Alexandri
1478 1915 1542 1958 esse

373 2021 463 2082 supra
494 2001 526 2062 iu
559 2002 626 2062 adn.
643 2001 719 2071 Lx,
741 1999 1013 2080 comprobavimus,
1047 2003 1229 2063 enumeratio
1264 2003 1351 2064 unius
1385 2010 1414 2062 et
1440 1999 1542 2078 viginti

374 2113 511 2185 toporum
534 2106 645 2166 adnexa
667 2113 721 2166 est.
754 2122 842 2184 mam
865 2121 901 2164 ex
915 2102 1078 2166 Aristotelis
1094 2105 1221 2166 Rhetll
1244 2105 1336 2186 capite
1353 2105 1392 2166 23
1415 2103 1543 2185 pendere

376 2207 548 2289 Spengelius
579 2209 638 2269 iam
666 2207 738 2268 vidit
749 2208 769 2267 1.
814 2206 976 2268 Alexander
1002 2216 1101 2270 autem
1129 2208 1207 2269 baud
1235 2209 1327 2269 semel
1354 2207 1541 2268 Aristotelem

375 2321 525 2373 auctorem
549 2321 668 2372 secutus
691 2311 764 2372 esti.
798 2310 961 2372 Alexandro
985 2329 1054 2390 ergo
1074 2311 1150 2372 hanc
1170 2311 1422 2372 enumerationem
1444 2309 1541 2370 viudi-

376 2414 496 2477 candam
531 2433 598 2474 esse
628 2432 793 2475 censemus.
838 2415 1048 2476 accuratiorem
1081 2415 1171 2476 huius
1203 2414 1248 2475 rei
1277 2415 1478 2494 quaestionem
1513 2421 1542 2472 et

375 2536 480 2578 novam
503 2516 660 2579 editionem
684 2516 851 2591 verborum,
874 2536 949 2597 quae
972 2518 1135 2580 Alexandro
1158 2517 1362 2592 adscribimus,
1386 2518 1421 2578 de
1445 2515 1541 2578 causis

376 2639 465 2701 supra
488 2619 590 2681 adlatis
613 2620 787 2682 differimus.

462 2723 583 2785 Cornuti
604 2723 683 2784 Artis
705 2742 789 2804 pars,
823 2742 897 2804 quae
919 2725 955 2785 de
977 2724 1184 2804 probationum
1207 2723 1353 2786 solutione
1376 2732 1451 2797 erat,
1484 2740 1543 2783 non

377 2829 475 2890 minus
509 2846 595 2907 quam
631 2826 704 2888 duae
738 2829 903 2908 superiores
936 2828 973 2889 ab
1001 2828 1194 2909 epitomatore
1227 2829 1377 2890 decurtata
1411 2835 1464 2887 est.
1514 2825 1543 2886 in

376 2933 512 3013 Epitoma
538 2931 616 2992 enim
651 2931 779 3012 primurn
809 2931 968 3011 generatim
997 2931 1032 2992 de
1060 2931 1205 2992 solutione
1228 2932 1436 3012 probationum
1459 2947 1545 3009 prae-

378 3035 484 3117 cipitur
506 3034 537 3114 (§
556 3033 645 3116 186),
669 3044 733 3096 tum
755 3034 962 3115 paradigmatis
985 3036 1093 3097 solutio
1116 3034 1239 3096 ducetur
1262 3035 1293 3115 (§
1313 3034 1394 3110 187),
1419 3032 1544 3111 denique

378 3160 436 3220 quo
481 3139 568 3200 modo
607 3138 738 3217 singulae
770 3137 966 3200 inartificiales
993 3138 1181 3219 probationes
1208 3141 1359 3200 solvantur
1384 3136 1546 3217 explicatur

376 3245 428 3324 (ξς
448 3242 637 3315 tes-191).
674 3243 704 3302 in
721 3240 844 3303 Cornuti
865 3242 934 3304 Arte
956 3241 1044 3303 etiam
1068 3242 1103 3303 de
1126 3241 1231 3305 ceteris
1254 3240 1452 3302 artificialibus
1475 3258 1545 3319 pro-

376 3346 558 3419 bationibus,
590 3346 806 3425 enthymemate
843 3345 1050 3426 epichiremate
1091 3346 1360 3426 epentbyruemate,
1400 3341 1545 3404 solvendis

377 3458 529 3532 praecepta
550 3449 614 3510 data
637 3449 728 3510 luisse
744 3469 827 3511 exeo
843 3448 1056 3524 concludimus,
1079 3450 1158 3528 quod
1174 3448 1366 3528 Hermogenis
1383 3447 1546 3509 Scholiasta

378 3561 569 3635 praeceptum
592 3552 628 3613 de
655 3552 870 3633 epichirematis
901 3553 1045 3615 solutione
1067 3552 1137 3615 iude
1159 3561 1328 3633 excerptum
1353 3552 1425 3614 WV
1444 3551 1504 3612 396
1521 3582 1546 3619 1³

377 3656 513 3725 -3973
534 3655 661 3717 exhibet.

446 3847 520 3899 lilla.
540 3846 642 3898 Maca.V
662 3848 725 3899 1847
745 3863 768 3914 p,
782 3850 845 3912 5903
865 3847 1002 3899 Communi.
1022 3851 1047 3898 in
1066 3849 1148 3898 Arist.
1160 3845 1232 3898 llaec
1251 3865 1274 3914 p.
1288 3849 1346 3899 289.

446 3916 509 3968 ²W
528 3915 572 3970 Vll
598 3917 647 3968 762
664 3933 689 3969 11
717 3917 747 3967 ab
774 3917 934 3981 Alexandro,
962 3918 1003 3968 cui
1030 3917 1111 3966 verbu
1139 3916 1171 3966 W
1191 3916 1235 3967 Vll
1263 3918 1312 3968 762
1326 3931 1392 3971 t-xa
1418 3932 1495 3983 supra
1520 3915 1546 3966 in

378 3987 434 4037 adn.
453 3985 526 4038 LXs
544 3984 720 4050 attribuimus,
740 3985 893 4036 Aristotelis
911 3986 1024 4036 definitio
1043 3986 1238 4052 enthymematis
1255 3985 1340 4048 (libet.
1356 3984 1441 4036 13666
1454 3987 1478 4048 a)
1505 3985 1548 4033 ad-

378 4053 472 4105 fertur:
499 4055 544 4104 καὶ
569 4049 661 4108 ἁπλῶς
688 4056 717 4115 (l.
735 4049 831 4118 ἄλλως)
856 4051 887 4106 τὸ
915 4051 1061 4122 ἐνθύμημα
1084 4051 1266 4122 συλλογισμὸς
1291 4048 1438 4126 ῥητορικός.
1474 4051 1548 4103 WV

378 4124 427 4174 461
440 4139 467 4177 10
478 4139 530 4188 sqq,
556 4122 706 4173 Aristotelis
733 4125 884 4194 τεκμηρίων
910 4130 935 4173 et
962 4126 1080 4190 σημείων
1106 4123 1239 4173 distinctio
1266 4125 1412 4188 exponitur.
1451 4121 1486 4173 W
1506 4118 1549 4170 Vll

379 4192 429 4242 766
442 4207 468 4244 to
480 4189 627 4242 Alexander
645 4191 815 4242 definitionem
834 4183 943 4259 γνώμης
961 4193 1094 4242 secundum
1107 4191 1259 4242 Aristotelis
1276 4191 1448 4242 definitionem
1466 4189 1549 4250 (libet.

380 4259 447 4312 1394
469 4263 539 4322 aas)
565 4259 648 4309 finxit.
686 4260 718 4312 W
737 4258 760 4310 V
782 4261 832 4310 too
849 4275 873 4313 1r
897 4261 1038 4310 Alexandri
1062 4261 1254 4328 enthymematis
1282 4262 1307 4311 in
1335 4275 1428 4322 genera
1455 4258 1548 4310 divisio

379 4328 465 4466 {pdppr
484 4335 532 4448 ppt&
556 4344 609 4447 qlbb
622 4328 779 4380 Aristoteles
799 4329 870 4380 libet.
884 4330 1005 4382 testona
1023 4329 1114 4379 utitur,
1151 4326 1182 4378 cl,
1200 4329 1275 4378 etiam
1295 4329 1499 4380 commentarium
1517 4327 1547 4378 ad

458 4433 465 4462 1
535 4433 542 4462 i
612 4432 619 4447 ⁹
