3590 5262
681 455 724 465 —
770 418 873 483 XLIX
921 453 961 464 -

241 619 293 662 sua
325 607 387 661 arte
419 615 608 660 enumerasse
641 597 863 677 Comutumque
897 597 963 659 inde
998 599 1034 672 ἐξ
1058 595 1183 658 72-78
1217 596 1406 676 descripsisse

240 702 391 784 probabile
414 711 466 764 est.

326 805 448 868 Cornuti
470 805 505 866 de
528 804 704 866 narrationis
720 804 878 866 virtutihus
901 803 1063 885 praeceptis
1085 803 1163 866 inter
1184 812 1318 866 auctores
1337 824 1407 866 suos

241 909 406 972 distributis
433 909 514 970 facile
541 908 679 988 explicari
705 917 812 989 potest,
839 928 913 988 quae
940 908 1074 988 cognatio
1102 907 1224 969 Cornuti
1249 908 1312 970 Arti
1339 927 1406 969 cum

241 1012 369 1074 Theonis
384 1011 652 1092 Progymnasmatis
675 1014 722 1074 sit.
767 1013 797 1073 in
820 1011 927 1092 quihus
949 1011 1041 1073 multa
1064 1030 1166 1072 eorum
1182 1010 1304 1072 Cornuti
1323 1030 1408 1091 prae-

241 1125 403 1196 ceptorum,
436 1135 511 1195 quae
542 1114 641 1178 Neocli
674 1115 879 1187 attribuimus,
912 1115 1035 1177 redeunt
1065 1124 1095 1176 et
1126 1115 1267 1176 nonnulla
1296 1114 1407 1176 eisdem

241 1228 328 1298 atque
354 1219 384 1280 in
415 1219 550 1299 Epitoma
576 1219 673 1281 verbis
700 1238 846 1300 expressa.
890 1219 1061 1281 Theouem¹
1089 1227 1187 1280 autem
1217 1236 1277 1278 non
1302 1217 1408 1280 Neoole

240 1323 304 1403 ipso
327 1342 415 1384 usum
438 1343 503 1385 esse
525 1343 560 1385 eo
583 1323 800 1404 comprobatur,
823 1323 902 1402 quod
924 1322 971 1384 ille
991 1331 1106 1403 praeter
1121 1320 1308 1383 Anaximeuis
1323 1339 1409 1400 prae-

241 1435 323 1507 cepta
343 1426 400 1506 ipsi
420 1445 488 1488 cum
510 1426 663 1489 Cornificio
679 1426 818 1489 Cicerone
833 1426 938 1487 Neocle
954 1425 1122 1489 communia
1138 1426 1187 1500 (cl.
1200 1425 1267 1486 adn.
1280 1424 1368 1485 XLVI
1382 1426 1408 1505 1)

241 1531 299 1592 duo
332 1531 387 1592 alia
420 1531 608 1592 Anaximenis
641 1540 793 1612 praecepta
826 1529 945 1591 exhibet
977 1530 1030 1610 (Sp
1050 1531 1077 1591 11
1105 1527 1206 1604 80111
1236 1528 1410 1600 8319=l

241 1634 353 1706 2191,
376 1633 438 1695 240
453 1656 480 1709 ³3
503 1635 614 1711 2401).
660 1635 787 1697 eundem
811 1635 960 1695 rhetorem
984 1633 1055 1694 haec
1074 1643 1103 1694 et
1117 1632 1164 1694 illa
1180 1633 1216 1695 ah
1231 1634 1409 1696 Anaximene

241 1737 382 1817 repetisse
398 1739 458 1799 veri
482 1738 665 1800 simillimum
689 1748 742 1800 est.
787 1737 906 1810 accedit,
929 1737 1006 1817 quod
1030 1736 1110 1798 Theo
1128 1755 1186 1798 uno
1209 1737 1410 1799 credibihtatis

241 1849 395 1921 praecepto
418 1841 509 1922 magis
525 1861 613 1922 quam
628 1841 750 1904 Neocles
765 1861 832 1904 cum
850 1842 988 1904 Cicerone
1005 1839 1218 1920 Cornifieioque
1234 1840 1409 1902 consentit’.

242 1943 362 2006 Neocles
384 1944 473 2023 igitur
494 1953 524 2007 et
546 1945 627 2006 Theo
650 1954 679 2007 et
701 1955 803 2008 auctor
824 1945 896 2007 artis
919 1944 1039 2006 Latinae
1061 1963 1077 2005 a
1099 1943 1254 2005 Cornificio
1276 1953 1306 2006 et
1327 1944 1410 2006 Cice-

244 2067 316 2109 rone
339 2048 483 2110 adhibitae
506 2067 541 2109 ex
563 2048 665 2110 eodem
688 2051 805 2112 rhetore
828 2050 938 2111 Graeco
959 2048 1087 2128 pendere
1109 2047 1246 2108 sumendi
1269 2056 1348 2109 sunt.

338 2153 398 2213 lam
426 2171 501 2232 quae
522 2152 646 2214 Cornuti
675 2153 710 2214 de
731 2152 910 2214 narrationis
932 2150 1090 2212 virtutihus
1112 2157 1264 2230 praecepta
1287 2151 1318 2210 in
1340 2150 1411 2230 Epi-

242 2264 320 2317 toma
353 2255 455 2316 deesse
484 2274 558 2336 quae
587 2255 695 2318 ibidem
726 2256 854 2318 breviata
881 2264 911 2318 et
937 2257 1060 2316 confusa
1086 2272 1150 2315 esse
1177 2252 1411 2333 cognoverimus,

241 2358 440 2420 adnotandum
467 2368 522 2421 est.

325 2462 425 2524 Primo
447 2464 510 2524 loco
533 2466 570 2538 §5
585 2462 710 2524 65-68
733 2472 873 2543 quattuor
894 2467 1048 2542 praecepta
1071 2460 1106 2521 de
1128 2459 1269 2522 brevitate
1291 2461 1411 2522 erebus

242 2565 371 2627 lacienda
401 2567 517 2641 dantur,
547 2586 673 2646 quorum
702 2567 757 2628 sub
784 2567 873 2628 linem
900 2565 1042 2646 quaedam
1071 2563 1179 2625 omissa
1209 2582 1275 2625 esse
1301 2583 1411 2643 cogno-

243 2669 343 2730 scitur.
388 2669 541 2732 Geometra
569 2671 658 2742 enim,
692 2671 743 2752 qui
770 2669 805 2731 W
825 2670 851 2730 11
880 2669 973 2739 2309
999 2667 1081 2729 inter
1103 2676 1257 2747 praecepta
1282 2667 1411 2729 Theonis

242 2790 336 2833 unum
359 2792 375 2834 a
398 2773 529 2836 Cornuto
551 2775 719 2855 repetitum,
742 2784 777 2835 ut
797 2772 1002 2852 breviloquens
1024 2769 1243 2846 ταοτολογίαν
1265 2769 1335 2832 vitet
1356 2770 1412 2848 (=

242 2874 265 2935 E
290 2878 328 2937 15
343 2877 377 2955 2),
400 2877 513 2951 inserit,
536 2878 663 2941 Theonis
686 2886 841 2960 praecepto
863 2876 942 2956 quod
964 2873 1108 2936 antecedit
1133 2875 1187 2950 (=
1202 2873 1242 2953 Sp
1257 2874 1284 2934 ll
1307 2873 1347 2936 83
1362 2879 1410 2951 20),

242 2978 314 3041 haec
346 2980 433 3042 verba
466 2982 595 3043 adnectit
623 2982 659 3042 W
679 2981 706 3042 11
733 2980 794 3042 230
814 3012 827 3050 0
849 2976 893 3053 ὠς
924 2977 961 3040 τὸ
990 2975 1196 3060 <decuplatur
1229 2974 1264 3048 ἐξ
1297 2973 1412 3060 ἀγροῦ>

243 3077 396 3162 δηλονότι
425 3083 455 3159 (l.
479 3083 577 3166 δηλοῖ
599 3077 662 3160 ὅτι)
689 3083 743 3145 καὶ
767 3080 887 3167 ἐξῆλθε
908 3078 1084 3165 πρότερον·
1116 3079 1268 3144 τοιοῦτον
1294 3079 1350 3143 καὶ
1372 3082 1410 3143 τὸ

242 3186 395 3267 <coeddam
415 3188 499 3264 χθὲς
521 3187 569 3260 εἷς
589 3185 648 3249 τὸν
664 3186 823 3269 Hesperioi>
845 3181 1020 3269 δηλοῦντος
1041 3181 1103 3266 γὰρ
1125 3178 1164 3266 ἦν
1186 3184 1218 3264 (1.
1236 3180 1411 3266 δηλοῦντος

242 3286 300 3349 τοῦ
322 3290 474 3372 κατέβην)
497 3284 548 3352 ὅτι
571 3288 628 3351 καὶ
650 3287 686 3353 ἓν
707 3290 746 3378 τῇ
768 3286 867 3353 πόλει
889 3275 940 3372 ἦν.
983 3288 1066 3369 prius
1086 3287 1192 3348 horum
1209 3288 1409 3367 exemplorum

243 3391 425 3453 simillimum
459 3401 505 3454 est
536 3392 572 3466 ei,
605 3411 664 3473 quo
692 3393 865 3455 Cornificius
897 3402 1012 3454 sextum
1043 3390 1193 3451 brevitatis
1222 3400 1409 3471 praeceptum

242 3493 381 3556 instruxit
408 3497 515 3571 1514
541 3506 575 3559 et
608 3497 637 3559 si
669 3497 791 3559 exitus
817 3516 939 3559 rerum
966 3499 1013 3560 ita
1041 3514 1229 3577 ponemus,
1264 3504 1303 3557 ut
1329 3503 1411 3557 ante

311 3693 523 3760 ¹lloppichlerue
541 3694 578 3745 lle
597 3691 695 3746 Theona
713 3695 779 3746 Dies.
801 3695 904 3746 Virceb.
926 3695 990 3745 1884
1007 3694 1134 3745 Thoonem
1153 3700 1212 3744 aute
1231 3693 1410 3755 Hermogenem

242 3759 466 3830 progymnasmata
490 3764 625 3830 scripsisse
648 3764 835 3814 demonstravit
857 3779 935 3830 neque
959 3779 1022 3814 vero
1044 3763 1068 3811 ei
1091 3762 1209 3826 contigit,
1236 3768 1264 3811 ut
1283 3761 1411 3810 Theonoen

243 3830 402 3896 Quintiliano
432 3833 588 3898 superiorem
614 3830 694 3883 luisse
721 3833 848 3898 probaret.
892 3832 965 3882 uobis
992 3832 1092 3898 quidem
1117 3830 1212 3881 Theoni
1240 3829 1410 3878 Alexandrum

240 3899 391 3951 Numenium
409 3907 468 3951 ante
487 3901 574 3952 oculos
592 3908 721 3951 versatum
739 3900 820 3952 luisse
839 3915 986 3966 persuasum
1004 3907 1052 3950 est.
1088 3898 1121 3966 Sp
1133 3899 1155 3950 11
1174 3900 1221 3949 106
1233 3912 1260 3950 ue
1271 3896 1408 3947 Alexandri

242 3967 414 4018 definitionem
435 3971 488 4035 topi
511 3968 566 4034 Et
586 3970 632 4021 160
656 3976 786 4021 servatam
808 3969 892 4020 adlert
909 3976 936 4019 et
953 3969 987 4032 Sp
1004 3966 1025 4018 lI
1045 3967 1092 4018 109
1106 3984 1175 4034 rsqq.
1195 3968 1225 4016 de
1243 3959 1411 4016 doarensium

241 4037 321 4088 verba
343 4035 406 4087 lacit
423 4036 563 4088 Alexandri
584 4038 756 4102 explicatione
774 4028 964 4095 διατυπώοεως
981 4052 1051 4100 usus,
1072 4051 1144 4101 quam
1163 4035 1183 4085 E
1201 4033 1279 4100 §233
1298 4035 1411 4084 exhibet.

242 4103 311 4156 Tbeo
330 4106 416 4169 igitur,
434 4104 685 4175 Progymnasmatum
703 4112 802 4169 auctor,
821 4108 863 4157 cui
881 4121 1018 4169 cognomen
1032 4104 1106 4156 Aelio
1124 4103 1204 4155 luisse
1217 4102 1308 4152 Suidaa
1320 4103 1410 4165 tradit,

243 4174 365 4225 lladriaoi
382 4183 468 4225 aetate
486 4176 529 4226 vel
546 4175 621 4241 paulo
639 4174 747 4226 inferius
765 4176 883 4226 floruisse
903 4175 1012 4225 videtur.

309 4241 319 4276 ²
338 4241 375 4292 Cl.
387 4243 408 4293 11
421 4243 437 4308 ᾗ
449 4245 481 4295 00
497 4251 523 4294 et
535 4244 662 4295 Thoonem
675 4244 708 4310 Sp
720 4242 742 4294 ll
755 4245 825 4298 84111
843 4242 1024 4310 στοχάζεσθαι
1043 4233 1175 4308 προσήκει
1191 4239 1240 4291 τοῦ
1258 4239 1411 4307 πρέποντος

241 4309 280 4377 τῷ
303 4326 329 4362 τε
351 4302 492 4381 προσώπῳ
513 4313 559 4363 καὶ
581 4315 638 4368 τοῖς
660 4305 748 4369 ἄλλοις
766 4315 913 4379 στοιχείοις
929 4312 975 4377 τῆς
993 4309 1148 4378 διηγήσεως,
1171 4317 1198 4360 et
1216 4307 1268 4359 Cic.
1287 4309 1317 4358 de
1335 4305 1411 4358 lnv.l

242 4378 258 4444 ξ
276 4380 308 4430 29
326 4384 351 4430 aa·
370 4395 540 4449 personarum
561 4380 703 4449 dignitates
723 4382 897 4444 servahuntur,
922 4388 947 4431 et
966 4380 1041 4431 Corn.
1059 4377 1069 4430 1
1086 4377 1146 4444 §16
1163 4380 1188 4428 si
1201 4415 1226 4427 ..
1243 4391 1410 4444 personarum

241 4446 398 4514 dignitates.
413 4487 419 4500 .
438 4451 590 4502 conatohunt.

295 4532 501 4588 comessorem
1233 4529 1251 4584 d
