3586 5260
724 426 920 488 -5..

233 596 413 682 διαρρήδην
432 599 539 678 λέγειν
554 599 595 662 τά
609 623 644 663 τε
659 593 764 664 αὑτοῦ
778 598 895 681 ἀγαθὰ
911 599 966 665 καὶ
982 604 1023 665 τά
1040 601 1144 686 [περὶ]
1161 603 1223 667 τοδ
1238 600 1406 668 ἀντιδίκου

234 699 328 776 κακά,
363 704 418 764 καὶ
452 703 488 766 τὸ
515 705 574 768 τοῦ
600 703 661 787 μὲν
689 703 872 789 κατηγόρου
899 706 940 769 τά
967 705 1077 771 πολλά
1103 706 1173 783 ε’ἀν,
1197 703 1276 772 αάτό
1306 706 1343 771 δὲ
1369 731 1406 771 το

234 806 371 889 πρᾶγμα
401 805 525 883 λαλεῖν,
559 808 615 870 καὶ
647 805 724 893 (τό)
754 807 798 894 μη“
826 808 929 892 μόνον
955 807 1054 875 αὐτὸν
1084 807 1170 874 ἀλλὰ
1197 810 1253 872 καὶ
1280 807 1408 894 ἑτέρους

233 905 405 987 ἄχθεσθαι
432 908 550 990 λέγειν,
578 911 634 974 καὶ
663 913 693 975 εί
715 911 1036 998 φιλανθρωπότερον
1062 914 1100 979 δέ
1123 911 1345 994 ἀπαγγέλλοις
1367 911 1409 978 τά

198 1021 215 1075 5
235 1012 414 1096 πικρότερα
436 1016 500 1078 τῶν
521 1013 703 1098 νοημάτων.
755 1017 801 1080 18.
826 1027 922 1081 ποιεῖ
944 1016 981 1081 δὲ
1004 1014 1137 1081 εὔνοιαν
1158 1019 1214 1079 καὶ
1236 1014 1273 1081 τό
1297 1017 1408 1081 δοκείν

234 1114 365 1200 ἐπιεικῆ
379 1111 436 1181 τόν
448 1115 583 1195 λέγοντα
595 1119 697 1182 εἶναι·
713 1120 861 1204 ἐπιεικὴς
877 1120 914 1184 δὲ
930 1117 1048 1196 δόξεις,
1066 1121 1097 1182 εί
1118 1119 1162 1204 μη
1180 1123 1333 1204 θρασέως
1348 1119 1407 1184 ἐπὶ
1495 1121 1498 1128 ’

165 1229 216 1283 430
235 1218 293 1293 τὰς
308 1218 402 1294 δίκας
417 1216 526 1303 ὁρμῶν
549 1223 697 1304 φαίνοιο,
722 1222 806 1288 ἀλλά
829 1221 934 1288 πολὺν
955 1221 1072 1307 χρόνον
1094 1225 1330 1305 κατεσχημένος
1351 1224 1406 1286 καί

236 1323 453 1408 διαλλαγῆναι
469 1322 552 1407 πρὸς
567 1322 624 1388 τὸν
639 1322 807 1392 ἀντίδικον
822 1320 998 1411 ἐθελήσας,
1016 1328 1063 1402 είς
1077 1329 1296 1410 μετριωτέραν
1308 1322 1408 1391 αὐτὸν

235 1424 402 1501 πολλάκις
424 1426 520 1510 δίκην
541 1429 829 1513 προκαλεσάμενος
846 1431 901 1494 καὶ
916 1441 986 1504 τοῖς
1001 1426 1063 1494 ἀπ’
1078 1429 1204 1493 ἐκείνου
1220 1429 1408 1512 προκαλου-

186 1543 217 1595 10
235 1533 348 1613 μένοις
370 1528 477 1594 δοκῶν
491 1528 663 1613 ἐπιμένειν
684 1534 740 1595 καὶ
762 1538 896 1617 μετρίας
919 1530 1039 1616 ὁρίζων
1059 1531 1118 1608 τάς
1138 1536 1300 1617 τιμωρίας
1322 1531 1408 1616 [ἢτοι
1441 1588 1444 1594 .

235 1635 293 1699 τοῦ
315 1630 513 1718 ἀντιδίκου],
537 1635 591 1697 καὶ
619 1636 658 1725 τῇ
684 1635 803 1726 ἐκβολῇ
830 1640 888 1701 τοῦ
916 1635 1014 1716 λόγου
1037 1636 1081 1721 μη
1104 1638 1208 1721 πικρᾷ
1230 1634 1406 1720 χριόμενος,

236 1738 291 1799 καὶ
317 1737 359 1799 τὰ
379 1734 509 1810 τούτοις
532 1736 763 1822 παραπλήσια.

324 1842 372 1903 19.
408 1844 571 1925 Διαφέρει
594 1843 631 1907 δέ
653 1845 712 1911 τοῦ
734 1837 894 1922 έπιλόγου
916 1842 953 1906 τό
976 1845 1157 1926 προοίμιον
1172 1837 1222 1905 ὅτι
1238 1841 1273 1907 έν
1287 1845 1348 1926 μέν
1363 1843 1408 1926 τῷ

237 1948 404 2027 προοιμίῳ
432 1944 469 2006 τὸ
497 1947 606 2030 σχῆμα
636 1948 690 2010 καί
718 1947 777 2031 την
804 1945 978 2030 ἑρμηνείαν
1004 1947 1139 2028 μέτριον
1166 1947 1252 2010 εἶναι
1276 1944 1407 2009 δεῖκαὶ

187 2061 218 2113 15
236 2046 404 2110 τιθασσόν
427 2043 469 2121 ὠς
492 2047 532 2113 άν
555 2053 648 2115 εἴποι
671 2074 733 2127 τις,
750 2050 786 2116 έν
801 2049 838 2113 δ’
855 2047 1027 2127 ἐπιλόγοις
1041 2049 1078 2113 τό
1095 2052 1204 2134 σχῆμα
1220 2068 1408 2131 συγκεκινη-

236 2154 336 2233 μένον
363 2154 419 2215 καί
446 2152 574 2226 πολλάς
602 2155 664 2237 μὲν
691 2153 866 2238 έμβοήσεις
893 2151 979 2233 ἔχον,
1008 2151 1153 2228 πολλοὺς
1176 2151 1213 2216 δὲ
1236 2150 1407 2232 σχετλιασ-

236 2251 330 2337 μοάς,
358 2253 417 2338 τήν
438 2279 473 2318 τε
503 2253 676 2339 ἑρμηνείαν
704 2260 917 2340 συγκειμένην
945 2254 980 2317 έκ
1007 2257 1164 2340 τροπικῆς
1199 2254 1325 2338 μάλλον
1352 2255 1407 2317 καί

238 2356 443 2441 σημειώδους
469 2358 604 2436 λέξεως,
633 2360 814 2445 δυναμένης
844 2363 956 2443 μέντοι
985 2360 1099 2422 πεσεῖν
1133 2360 1180 2434 είς
1211 2357 1409 2432 πολιτικούς

237 2459 363 2540 λόγους.
408 2463 458 2526 20.
493 2461 540 2525 ἔτι
564 2463 600 2526 δὲ
623 2465 677 2526 καὶ
700 2461 803 2548 τούτῳ
827 2463 993 2549 διαφέρει,
1017 2458 1068 2527 ὅτι
1085 2460 1271 2526 πολλάτῶν
1287 2457 1406 2536 έντοίς

185 2579 219 2632 10
237 2570 431 2651 προοιμίοις
456 2564 680 2650 (λεχθέντων)
707 2563 814 2631 οὐκέτ’
837 2565 872 2632 ἐν
887 2563 1057 2645 ἐπιλόγοις
1075 2565 1214 2630 λεκτέον.
1243 2561 1281 2628 οὐ
1303 2561 1407 2647 μόνον

238 2668 275 2732 δὲ
297 2670 361 2733 τῶν
384 2673 572 2753 προοιμίων
596 2672 661 2733 είσί
684 2692 770 2744 τινες
792 2663 868 2734 ὗλαι
891 2669 946 2744 αίς
966 2667 1004 2734 οὐ
1018 2666 1178 2754 χρώμεθα
1194 2667 1229 2732 έν
1243 2679 1313 2742 τοῖς
1329 2666 1406 2730 δπι-

238 2769 361 2851 λόγοις,
386 2769 470 2836 ἀλλά
493 2774 635 2837 καὶτῶν
658 2773 836 2852 έπιλόγων,
866 2767 910 2838 όν
937 2771 995 2837 οὔκ
1022 2769 1113 2836 ἐστιν
1140 2771 1175 2838 ἐν
1197 2783 1267 2845 τοῖς
1288 2792 1406 2855 προοι-

237 2880 328 2958 μίοις
350 2880 460 2960 χρεία·
485 2875 746 2960 ἑλκοποιησομεν
772 2875 871 2960 (γάρ)
897 2872 934 2941 τό
959 2881 1152 2958 προοίμιον,
1177 2875 1207 2937 εί
1222 2875 1287 2939 τῶν
1302 2897 1405 2958 κεφα-

238 2978 342 3042 λαίων
364 2982 428 3044 τῶν
450 2977 636 3058 ἀναγκαίων
663 2978 699 3043 ἐν
724 2980 827 3064 τούτῳ
855 2980 913 3054 τὰς
939 2976 1128 3063 ὑπολήψεις
1150 2976 1346 3062 ληψόμεθα,
1371 2977 1407 3041 ἓν

186 3094 220 3149 25
240 3080 276 3144 δὲ
297 3083 343 3167 τῷ
365 3079 510 3165 έπιλόγφ
528 3078 650 3166 ἀνάγκη
668 3084 761 3146 πάσα
784 3088 819 3148 ἓν
840 3108 871 3146 τι
894 3081 1074 3167 λαμβάνειν
1099 3077 1206 3146 αὐτῶν
1233 3083 1280 3156 είς
1309 3080 1406 3164 ε’πίρ-

239 3202 341 3269 ρωσιν
362 3210 382 3270 η
405 3179 618 3270 παραίτησιν.

305 3312 338 3379 ἐξ
358 3313 397 3377 19,
416 3313 449 3362 20
467 3309 511 3362 AR
530 3310 882 3366 Μινοε11.19194281-19

285 3436 319 3516 '1
341 3436 404 3516 περὶ
418 3435 458 3484 del
469 3436 502 3515 8η
546 3431 812 3485 λκαὶ-έᾶνδείλί
856 3435 874 3514 ³.
889 3430 1406 3516 καὶμὴ-λέγεινδεΙΙί,“εο4οωνοτ·οο

239 3511 323 3622 llllus
341 3499 978 3636 119411,11.λ.111“ί;.“11111141
1008 3498 1406 3637 11111191911λίῐλ

240 3639 262 3691 ll
292 3639 301 3707 ll
328 3589 605 3710 προσκαλάυμένοτςΡ
625 3658 662 3692 om
676 3610 712 3689 lz'
755 3590 925 3691 ΙθγδοκεῑνΡ
944 3655 981 3689 em
994 3637 1028 3704 Sp
1057 3637 1066 3704 ΙΙ
1090 3587 1255 3706 έμμένετνίί
1278 3635 1287 3704 ΙΙ
1310 3633 1408 3708 ὁρίζειν

238 3710 257 3761 Ρ
281 3725 319 3760 em
340 3710 372 3774 Sp
432 3710 461 3758 10
488 3705 548 3770 ἤτοι
573 3711 620 3759 τοῦ
645 3706 784 3759 ἀντιδίκου
811 3708 891 3759 delll
950 3710 979 3759 11
1006 3705 1102 3776 ἐκβολῇ
1123 3706 1176 3785 φοῦ
1202 3704 1316 3758 molli
1375 3706 1405 3756 15

238 3778 467 3846 ουγκεκινημένως
489 3777 507 3827 Ρ
530 3777 755 3845 συγκεκινημένας
776 3777 832 3840 Seg,
855 3793 892 3828 ειυ
913 3777 945 3842 Sp
1001 3777 1030 3826 16
1053 3774 1188 3840 λκβοησετς
1205 3774 1320 3852 Μηνοείλ.
1367 3774 1405 3855 ι20

237 3849 390 3913 λεχθέντων
407 3846 523 3897 Marcell.
542 3847 621 3924 φυκί’
643 3843 652 3912 ΙΙ
673 3844 703 3900 έν
722 3845 804 3912 (τοῖς)
825 3844 896 3897 έπιλ.
917 3843 1029 3925 ρηοηίοτί
1041 3846 1073 3909 Sp
1125 3843 1157 3894 22
1177 3856 1329 3910 ποιησομεν
1345 3841 1406 3892 τοΡ

239 3914 406 3966 οιυΜετοεΙΙ.
459 3915 491 3964 24
509 3914 691 3972 έντουτοιςΡ
709 3915 812 3965 correxi
865 3914 897 3962 25
916 3910 1029 3964 αυτονΡ
1049 3927 1087 3961 em
1100 3912 1216 3963 Marcell.

306 4037 322 4102 ξ
343 4037 372 4088 18
392 4036 464 4087 Dion.
483 4039 513 4087 δε
532 4036 626 4102 Lys.V
647 4039 733 4089 50014
754 4035 800 4088 καί
823 4031 973 4097 (κελεύουσι
996 4034 1095 4100 λέγειν)
1117 4029 1161 4084 ὅτι
1181 4023 1405 4103 προκαλούμενοι

239 4101 300 4163 τοὺς
319 4099 470 4162 ἀντιδίκους
487 4107 524 4161 εἰς
541 4096 700 4174 διαλλαγάς,
718 4107 763 4156 καλ
780 4106 874 4172 φίλοις
892 4098 925 4154 τά
943 4091 1089 4173 πράγματα
1107 4101 1295 4170 ἐπιτρέποντες
1313 4102 1358 4151 καλ
1370 4098 1404 4151 τά

239 4170 339 4227 δυνατά
361 4173 542 4226 ἐλαττοῦσθαι
564 4171 750 4242 ὑπομένοντες,
773 4169 886 4229 οὐδενὸς
906 4163 1082 4248 ἠδυηήθησαν
1104 4173 1194 4237 τυχεῖν
1211 4169 1265 4221 τῶν
1281 4172 1406 4241 μετρίων.

239 4244 322 4293 ταῦτα
339 4240 392 4310 μὲν
409 4237 442 4308 δὴ
461 4243 679 4314 παραγγέλλουσι
696 4246 787 4294 ποιεῖν
799 4241 825 4291 οί
836 4255 1028 4308 τεχνογράφοι,
1046 4239 1091 4290 ίνα
1103 4234 1133 4288 τὸ
1145 4231 1215 4302 ἦθος
1227 4240 1275 4289 τοῦ
1286 4239 1407 4304 λέγοντος

238 4310 437 4394 ἐπιεικέστερον
460 4309 530 4364 εἶναι
552 4302 626 4384 δόξη.
662 4310 778 4380 ἐκβολῇ
802 4309 857 4360 τοῦ
880 4301 981 4375 λόγου
999 4306 1030 4357 cf.
1050 4307 1190 4370 Longinum
1209 4306 1266 4372 Spl
1285 4307 1372 4361 311831
1390 4301 1407 4371 ἡ

240 4376 293 4446 γάρ
312 4380 406 4445 ἔκβολη
422 4381 469 4430 τοῦ
487 4369 577 4446 λόγου.
612 4380 628 4446 ξ
647 4380 677 4431 19
697 4381 726 4429 tle
746 4378 889 4429 differentia
909 4376 1032 4442 prooemii
1050 4383 1075 4424 et
1095 4376 1190 4442 epilogi
1209 4376 1327 4439 Hermog.
1346 4391 1406 4440 quo·

241 4464 287 4514 ηυο
306 4449 420 4514 loquilul¹
438 4451 471 4514 Sp
483 4448 504 4498 ll
526 4449 572 4500 149
592 4449 690 4499 eteius
709 4448 863 4498 scholiastae
882 4445 916 4495 W
929 4445 962 4497 IV
975 4445 1026 4496 414
1037 4461 1088 4510 sqq.
1108 4443 1153 4494 vll
1166 4445 1215 4494 344
1225 4461 1276 4510 sqq.
