3586 5260
851 392 1071 456 -33-

379 563 447 631 ἀπὸ
470 568 535 630 τῶν
557 562 665 632 αὐτῶν
686 565 747 649 ἀφ’
771 561 882 650 ῶνπερ
905 567 960 631 καὶ
983 568 1041 643 τὰς
1056 573 1235 651 μαρτυρίας
1251 566 1405 650 λύσομεν,
1429 563 1479 631 ὅτι
1496 567 1552 630 καὶ

380 665 543 751 πρότερόν
565 692 651 745 τινες
673 670 883 759 ἐπιώρκησαν
905 672 961 735 καὶ
985 669 1106 745 πάντες
1129 669 1162 734 οἳ
1184 670 1225 734 τά
1245 669 1346 734 ἀδικα
1370 670 1552 753 τολμῶντες

382 768 484 848 οὕτως
507 771 650 853 ἔχουσιν,
675 772 719 849 ῶς
741 776 794 854 ἀν,
819 778 849 840 εί
875 775 1021 862 (χρείη),
1045 777 1100 837 καὶ
1123 773 1330 857 ἐπιορκῆσαι.

468 877 538 940 192.
566 878 670 941 Τοῶτο
695 878 731 942 δὲ
755 879 808 943 δεῖ
830 879 954 943 εἰδέναι
978 873 1030 941 δτι
1053 873 1132 940 ὅταν
1153 877 1259 941 πλείω
1284 876 1401 958 ἰσχυρά
1417 874 1552 959 ἔχωμεν,

381 975 477 1057 ἀλίχα
500 979 537 1043 δὲ
560 976 701 1064 ἀσθενῆ,
725 982 847 1066 μεταξι)
868 985 933 1048 τῶν
957 982 1097 1065 ἰσχυρῶν
1119 980 1158 1042 τοὶ
1176 977 1304 1064 ἀσθενῆ
1319 978 1479 1062 προσῆκει
1502 1002 1553 1040 τι-
1572 985 1588 1040 5

382 1085 491 1146 θένοα.
537 1078 616 1148 ὅταν
648 1082 686 1147 δὲ
722 1085 855 1168 ἰσχυρὸν
884 1091 919 1149 ἓν
952 1083 1088 1167 ἔχωμεν,
1121 1082 1229 1148 πλαττ)
1259 1082 1296 1146 δὲ
1325 1078 1360 1172 ῆ,
1390 1077 1554 1153 διελόντες

383 1182 460 1249 αάτδ
483 1189 586 1270 μέσον
607 1185 645 1250 τδ
669 1184 810 1263 ἀσθενὲς
832 1186 996 1274 θῆσομεν,
1026 1182 1136 1268 ῶσπερ
1167 1187 1221 1250 καὶ
1247 1183 1306 1272 (ὁ)
1334 1188 1555 1269 Δημοσθένης

382 1292 549 1372 πεποίηκε
570 1293 672 1372 μέσον
694 1289 792 1365 τάξας
814 1291 851 1355 τὸ
875 1289 1070 1374 παράνομον
1094 1291 1150 1372 (18
1173 1292 1290 1372 sno).
1343 1290 1374 1352 εί
1400 1288 1437 1352 δὲ
1459 1290 1554 1351 τοῦτο

383 1391 428 1475 μῆ
453 1391 552 1474 ἐνείη,
575 1392 612 1454 τὸ
636 1389 777 1468 ἀσθενὲς
801 1393 1021 1479 προτάξαντες
1044 1389 1146 1468 οὕτως
1168 1391 1334 1477 ἐπάξομεν
1355 1392 1392 1456 τδ
1411 1388 1553 1473 ἰσχυράν.

386 1494 455 1556 193.
485 1492 555 1556 ἔστι
583 1492 620 1556 δὲ
650 1491 704 1558 ὅτε
732 1497 788 1558 καὶ
816 1496 931 1583 ἀθρόα
958 1495 1061 1561 πλείω
1090 1495 1257 1582 κεφάλαια
1284 1495 1448 1579 θῆσομεν,
1477 1489 1555 1558 ὅταν
1577 1505 1609 1557 10

384 1593 493 1661 αάτῶυ
515 1593 551 1659 αλ
574 1600 773 1662 κατασκευαὶ
797 1596 865 1664 ἀπδ
889 1603 955 1666 τῶν
977 1597 1084 1666 αὐτῶν
1107 1597 1168 1664 ῶσι
1190 1597 1313 1664 τόπων.
1356 1599 1416 1662 τοῦ
1438 1597 1475 1661 δὲ
1497 1593 1556 1661 ἀν-

383 1698 513 1763 τιδίκου
527 1698 783 1786 (conspoliata)
798 1701 871 1768 τότε
886 1703 1031 1788 μάλιστα
1047 1708 1166 1770 θετέον
1181 1701 1306 1786 ἀθρόα,
1323 1698 1402 1766 ὅταν
1414 1699 1557 1784 ἔμφασις

384 1798 405 1892 ῆ
437 1801 556 1886 μάχης·
596 1802 792 1889 εάδηλοτέρα
825 1807 887 1891 γὰρ
921 1803 1023 1881 οὕτως
1055 1806 1096 1872 ἀν
1133 1804 1153 1894 ῆ
1186 1806 1378 1880 ἐναντίωσις
1410 1809 1555 1883 γένοιτο·

384 1905 631 1991 συγχυθήσεται
655 1905 692 1971 δὲ
715 1907 819 1973 ἐνίοτε
844 1909 882 1972 τά
898 1909 1077 1995 κεφάλαια,
1102 1906 1181 1974 ὅταν
1196 1934 1228 1972 τι
1245 1907 1375 1992 σαθρὸν
1395 1907 1430 1972 έν
1445 1905 1558 1981 αὐτοῖς

451 2072 466 2122 3
484 2068 520 2129 ῶς
537 2068 582 2135 ἀν,
601 2073 625 2124 εἰ
645 2073 764 2142 (χρείη),
782 2078 828 2126 καὶ
845 2074 1006 2145 ἐπιορκῆσαι
1024 2078 1131 2142 scripsi:
1150 2073 1186 2133 ῶς
1203 2069 1238 2127 ἀν
1257 2077 1282 2126 εἰ
1292 2077 1338 2126 καὶ
1348 2069 1559 2141 ἐπιορκήσαντες

383 2139 411 2204 Ρ,
434 2137 471 2198 ῶς
492 2137 528 2192 ἀν
550 2143 608 2205 εἰκῆ
620 2142 678 2205 ch,
701 2139 802 2196 ῶσανεὶ
821 2139 873 2195 κάν
888 2146 915 2209 F,
938 2141 974 2203 ῶς
992 2140 1027 2198 ἀν
1045 2148 1087 2208 [εἰ]
1105 2148 1152 2196 καὶ
1170 2147 1218 2196 Seu
1237 2146 1293 2211 pius
1347 2147 1361 2194 5
1387 2142 1485 2212 μεταξὺ
1505 2146 1559 2195 τῶν

383 2211 503 2281 ἰσχυρῶν
529 2211 635 2276 scripsi:
661 2210 729 2277 μετά
753 2208 784 2263 τδι
809 2210 908 2283 ἰσχυρὰ
922 2212 954 2279 P,
978 2215 1049 2280 μέσα
1068 2209 1110 2275 [τά
1134 2216 1243 2331 ἰσχυρα]
1262 2213 1385 2279 Suuppius
1407 2272 1419 2293 ,
1439 2214 1453 2262 8
1481 2214 1505 2263 εἰ
1531 2212 1559 2264 δέ

383 2277 462 2328 τοῦτο
494 2276 534 2346 μὴ
565 2277 636 2342 ἐνείη
665 2280 732 2330 Wil:
765 2283 790 2331 εἰ
820 2279 850 2332 δὲ
881 2279 980 2333 τούτων
1009 2275 1132 2350 μηδὲνῆ
1177 2320 1184 2346 ,
1210 2279 1260 2333 έάν
1285 2280 1312 2332 δὲ
1335 2318 1366 2331 ..
1402 2281 1492 2351 pSeg
1542 2283 1558 2332 9

383 2341 582 2418 ἀσθενέστερον
599 2345 754 2407 τάξαντεςΡ
773 2346 890 2426 ἀσθενὲς
906 2348 1038 2470 πρότερον
1056 2337 1183 2413 edissa,
1201 2347 1315 2407 ἀσθενές
1326 2349 1474 2414 noeroil?
1528 2351 1557 2400 11

383 2412 443 2472 τοὺς
460 2413 489 2466 δὲ
507 2412 658 2472 ἀντιδίκους
675 2413 733 2468 τότε
751 2420 870 2486 μαλιστα
888 2421 980 2470 τέλεον
1029 2416 1091 2475 τοὺς
1108 2417 1136 2471 δὲ
1153 2413 1212 2472 ἀντ.
1234 2415 1266 2469 τά
1284 2435 1310 2469 τε
1328 2411 1448 2483 μάλιστα
1461 2435 1558 2482 τυπτη-

384 2485 445 2534 τέον
459 2484 516 2546 Seg,
538 2484 584 2534 τοῦ
607 2484 635 2537 δὲ
657 2482 794 2537 ἀντιδίκου
811 2483 868 2538 τότε
889 2479 1010 2553 μάλιστα
1032 2488 1127 2540 θετέον
1138 2487 1172 2553 Sp
1228 2488 1257 2539 13
1275 2477 1466 2552 εδδηλότερίΡ
1483 2484 1559 2551 εὐδη-

383 2543 481 2617 λάτερα
499 2553 556 2618 sog,
580 2549 770 2624 εὐδηλοτέρτιθ
801 2555 810 2623 il
838 2557 983 2622 γένηταιΡ
1006 2573 1066 2608 corr
1082 2555 1113 2619 F,
1138 2557 1235 2622 γένοιτ’
1255 2551 1290 2609 ἀν
1307 2557 1357 2618 Sos
1412 2556 1443 2606 14
1461 2569 1560 2624 συγχυ-

384 2618 521 2684 θῆσονται
533 2620 551 2670 Ρ
569 2622 673 2672 correxi

386 2760 463 2814 ἐστιν
481 2757 639 2829 ἀνθρώπου
657 2761 690 2812 τὰ
708 2759 815 2831 πονηρὰ
833 2755 965 2834 πράττειν
981 2766 1028 2815 καί
1042 2761 1083 2848 μῆ
1096 2764 1251 2835 (χροντίζειν
1262 2761 1467 2834 ἐπιορκοῦντας·
1485 2757 1561 2820 ὅστις

384 2827 714 2965 &stillicidiis
732 2823 1252 2967 lllllllsslilfflgiillillll
1270 2831 1563 2966 ἷῆλρῗλὲῶλλρξῗέ

387 2968 483 3018 traditu
496 2968 607 3018 lectione
623 2965 695 3034 μετὰ
713 2967 744 3018 ui
759 2967 857 3036 ἰσχυρὰ
871 2970 1021 3035 recepimus,
1039 2971 1097 3036 quia
1109 2920 1279 3036 paeceptum,
1297 2976 1326 3019 ut
1339 2969 1408 3018 lovis
1421 2918 1479 3034 piist
1490 2968 1560 3018 iirusu

386 3044 521 3102 ponentur,
544 3036 567 3086 si
591 3036 636 3086 ille
661 3052 739 3101 peuce
761 3038 823 3087 lucc
841 3038 918 3103 :pluro
937 3042 998 3102 siut,
1022 3040 1156 3103 genuinum
1175 3053 1231 3088 esse
1250 3037 1322 3087 nobis
1340 3038 1493 3102 persuadere
1512 3053 1561 3086 nou

387 3120 527 3172 possumus.
564 3120 618 3153 cum
632 3107 698 3155 euim
711 3106 830 3170 Neocles,
847 3106 871 3156 si
884 3123 959 3156 uuum
973 3107 1069 3157 firmum
1081 3108 1116 3156 sit
1129 3115 1154 3157 et
1166 3107 1192 3157 id
1204 3121 1328 3170 maguum,
1346 3106 1393 3155 hoc
1406 3105 1495 3168 dividi,
1513 3121 1560 3171 quo

389 3175 446 3224 leve
458 3174 484 3221 iu
498 3173 580 3223 medio
593 3173 743 3236 collocetur,
761 3183 845 3240 utque,
864 3176 887 3224 si
900 3177 948 3226 hoc
960 3176 1018 3226 lieri
1031 3192 1078 3224 nou
1091 3175 1181 3241 possit,
1198 3176 1255 3225 levo
1269 3174 1339 3223 firmo
1353 3175 1452 3224 anteire
1466 3175 1560 3237 iubeat,

388 3243 491 3292 eundem
510 3249 539 3291 ut
557 3242 624 3292 elios
643 3244 760 3292 rhetores
779 3258 878 3309 semper
895 3245 1009 3294 firmiora
1029 3245 1145 3294 ultimum
1158 3246 1240 3294 locum
1254 3249 1342 3292 teucro
1355 3243 1470 3294 voluisse
1483 3245 1560 3292 multo

386 3310 546 3376 probabilius
569 3316 615 3359 cst.
652 3311 684 3360 ci.
705 3310 826 3376 Quint.V
848 3312 877 3361 12
891 3330 916 3364 ιι
941 3315 1086 3378 quaesitum
1107 3316 1184 3363 etiam
1205 3313 1385 3379 potentissima
1407 3314 1562 3378 orguonentc

384 3380 501 3445 primone
517 3376 633 3444 ponenda
650 3382 703 3429 sint
716 3379 769 3430 ίοοο
782 3417 787 3428 .
802 3417 808 3428 .
827 3396 860 3429 αιι
872 3397 990 3431 marono.
1007 3419 1012 3431 .
1032 3397 1064 3430 απ
1077 3385 1173 3447 partita
1182 3384 1265 3447 primo
1277 3395 1427 3445 ευιιιπιοηαο
1439 3417 1444 3427 .
1458 3399 1482 3428 ..·
1500 3396 1564 3444 ηιιαο

385 3452 464 3514 prout
481 3449 548 3498 νοίιό
560 3461 652 3496 causae
663 3451 782 3514 ουίυιηαιι
792 3449 936 3515 postulabit,
955 3449 1148 3514 ordinabuntur,
1167 3465 1223 3512 ατο,
1241 3452 1271 3499 ut
1282 3464 1328 3512 ego
1339 3464 1434 3507 οοτιτοο,
1453 3453 1560 3514 excepto,

387 3531 418 3564 πο
435 3531 452 3565 α
468 3517 656 3582 potentissimis
673 3517 708 3566 οδ
723 3517 851 3566 levissima
869 3516 994 3568 decrescat
1010 3520 1100 3568 oratio.
1131 3518 1215 3568 Sohol.
1229 3517 1297 3566 ilem.
1311 3518 1349 3566 ed.
1363 3517 1437 3567 Diod.
1450 3533 1472 3583 p.
1487 3517 1562 3568 545⁸

388 3580 431 3644 (ci.
450 3599 473 3649 p.
486 3583 535 3633 640
548 3599 582 3646 τι,
601 3583 650 3632 612
666 3587 689 3647 s)
712 3585 827 3650 τετραχῆ
850 3584 878 3634 δὲ
901 3584 980 3638 διεῖλε
1000 3582 1031 3635 τά
1054 3585 1207 3653 ἐγκλήματα
1226 3584 1374 3646 (Μίδίτοιιο)
1392 3586 1437 3635 καὶ
1454 3585 1563 3654 πρῶτον

386 3649 438 3718 μὲν
455 3647 487 3702 τδι
505 3648 660 3722 σαθρότερα
679 3654 836 3722 προέταξεν,
854 3651 912 3704 εἶτα
928 3652 960 3702 τὰ
975 3651 1140 3723 ἰσχυρότερα,
1159 3656 1205 3705 καί
1217 3657 1307 3723 τρίτον
1318 3649 1351 3704 τὰ
1364 3651 1459 3720 σαθρὰ
1471 3649 1563 3716 πάλιν,

386 3721 433 3770 καὶ
451 3722 583 3791 τέταρτον
599 3715 631 3771 τά
649 3714 748 3787 ἰσχυρά
757 3738 763 3749 ·
790 3719 835 3772 δεῖ
851 3717 911 3792 γάρ,
931 3724 955 3773 εἰ
969 3721 1021 3789 μὲν
1036 3723 1121 3772 πλείω
1134 3725 1173 3787 εἴη
1187 3720 1218 3772 τὰ
1232 3718 1332 3792 ἰσχυρὰ
1346 3723 1391 3771 καὶ
1403 3719 1433 3774 ἓν
1446 3717 1563 3788 σαθρόν,

387 3785 597 3854 μέσον’τιθέναι
614 3785 644 3839 τὸ
657 3780 771 3857 σαθρῶν,
789 3793 815 3840 εἰ
833 3788 861 3842 δὲ
878 3791 925 3839 ἴσα
944 3789 997 3841 εἶεν
1008 3785 1039 3841 τά
1050 3808 1076 3842 τε
1089 3787 1187 3860 ἰσχυρὰ
1200 3792 1245 3841 καὶ
1258 3787 1290 3840 τοὶ
1305 3787 1407 3861 σαθρά,
1425 3785 1563 3857 ἄρχεσθαι

387 3855 439 3924 μέν
464 3853 523 3908 ἀπὸ
550 3859 606 3910 τῶν
632 3862 818 3929 σαθροτέρων,
847 3859 971 3911 τελευταῖν
996 3858 1024 3910 δὲ
1050 3862 1086 3915 εἰς
1111 3855 1142 3910 τά
1171 3851 1342 3925 ἰσχυρότερα.
1383 3859 1472 3924 Apsiu.
1500 3858 1532 3924 Sp
1554 3856 1562 3907 l

389 3927 436 3976 371
452 3943 478 3980 το
492 3924 546 3998 χρὴ
565 3924 593 3978 δὲ
610 3923 658 3982 τάς
674 3925 872 3994 ἀσθενεστέρας
888 3919 977 3983 λύσεις
994 3929 1128 3997 προτέρας
1146 3930 1262 3991 τιθέναι,
1279 3925 1327 3984 τὰς
1344 3925 1372 3977 δέ
1389 3927 1565 3997 ἰσχυροτέρας

389 3993 526 4061 δευτέρας·
554 3996 579 4045 εἰ
598 3992 651 4061 γάρ
674 3998 704 4046 αἱ
722 3993 897 4063 ἰσχυρότεραι
915 3993 1048 4063 πρότεραι
1064 4000 1173 4059 τεθεῖεν,
1197 3990 1282 4047 οὐκέτι
1297 3991 1393 4064 χῶραν
1410 3993 1517 4054 ἕξουσιν
1534 3996 1565 4044 αἱ

389 4056 593 4134 ἀσθενέστεραι.
631 4061 743 4134 ῶσπερ
766 4066 820 4115 καὶ
844 4060 897 4130 (ci)
921 4066 1143 4131 Δημοσθένης
1166 4064 1234 4114 Prol.
1259 4067 1288 4114 de
1307 4066 1371 4115 stat.
1390 4063 1423 4114 W
1444 4063 1564 4117 v11172

390 4131 534 4199 οἰκονομία
558 4131 586 4182 δὲ
605 4128 620 4194 ῆ
639 4128 707 4199 πρὸς
725 4129 754 4183 τὸ
775 4149 809 4183 συ
831 4135 918 4202 φέρον
936 4134 988 4184 τῶν
1004 4134 1159 4202 κεφαλαίων
1176 4125 1313 4200 ἔναλλαγῆ,
1331 4128 1366 4189 ῶς
1383 4133 1566 4200 Δημοσθένης

393 4198 423 4250 δν
439 4199 476 4266 τῷ
494 4203 559 4269 περὶ
577 4205 624 4249 τοῦ
642 4197 786 4268 στεφάνου,
804 4151 897 4265 iiras»)
915 4198 984 4252 κατὰ
1002 4197 1031 4250 τὸ
1051 4198 1170 4268 νόμιμον
1187 4197 1300 4263 ἠσθένει
1319 4201 1391 4268 <καὶ>
1412 4199 1513 4269 ἔρρωτο
1528 4202 1565 4267 τῷ

390 4266 495 4348 διμαίῳ,
513 4261 647 4340 προῆταξε
664 4270 715 4336 μὲν
733 4267 764 4319 τὸ
784 4268 900 4333 δίκαιον,
921 4271 960 4325 εὶς
978 4261 1028 4320 δύο
1048 4267 1154 4335 διελών,
1174 4269 1232 4321 εἶτα
1250 4265 1280 4321 τὸ
1295 4262 1424 4338 νόμιμον,
1442 4271 1488 4320 καί
1503 4268 1564 4336 μετ’

391 4354 457 4386 αυτο
482 4335 566 4389 πάλιν
589 4337 754 4389 τὸδίκαιον·
781 4341 826 4388 καὶ
849 4339 880 4404 τῆ
900 4338 946 4388 τοῦ
964 4337 1068 4388 δικαίου
1086 4337 1252 4406 ἑκατέρωθεν
1268 4343 1382 4404 βοηθείᾳ
1400 4335 1431 4389 τὸ
1450 4335 1565 4394 ἀσθενὲς

391 4406 438 4454 τοῦ
455 4411 575 4472 νομίμου
592 4410 748 4477 κατέκρυψε
785 4407 816 4457 οΙ’.
836 4394 950 4457 Minucii.
966 4406 1043 4458 WlV
1059 4407 1155 4471 71414,
1174 4407 1307 4474 syrianum
1324 4408 1357 4459 W
1371 4408 1403 4460 lV
1422 4407 1471 4457 725
1486 4425 1505 4460 2.
