3590 5262
833 445 871 454 -
919 407 1012 473 XXII
1059 445 1094 454 -

387 588 544 667 hiltheyus,
579 595 749 668 praeceptor
782 585 1004 659 dilectissimus,
1037 587 1067 648 in
1101 588 1200 648 codice
1220 587 1286 648 Par.
1305 586 1395 660 1030,
1428 606 1546 650 carmen

386 693 463 772 apud
490 691 586 753 Gram.
614 710 642 771 p.
659 690 721 752 334
736 721 762 759 22
790 691 846 751 hoe
873 690 959 752 titulo
991 698 1125 752 ornatum
1154 684 1386 773 ἐξομολόγησις
1418 690 1464 763 εἰς
1491 690 1548 754 adu

385 793 518 876 χριστὸν
540 791 600 856 διὰ
620 789 850 876 ἡρωελεγείων.
872 793 931 856 rod
952 795 1136 876 γεωμέτρου
1158 793 1267 874 reperit
1289 801 1319 854 et
1332 794 1387 855 alia
1402 795 1547 874 poematia

385 897 518 977 florilegii
538 897 644 958 Joanni
666 897 836 958 Geometrae
866 897 953 958 certis
977 898 1012 958 de
1034 894 1128 958 causis
1150 896 1340 958 adtribuenda
1362 915 1426 958 esse
1448 897 1547 959 riditl.

386 1001 497 1062 accedit
518 1001 595 1079 quod
619 1009 759 1077 quattuor
780 999 869 1061 iambi
891 1001 921 1061 in
945 1018 1061 1062 crucem
1082 1000 1158 1080 apud
1175 999 1270 1061 Cram.
1287 999 1376 1070 305⁶
1397 1001 1474 1062 inter
1495 1002 1549 1063 alia

386 1104 514 1165 carmina
537 1103 666 1164 eiusdem
690 1103 856 1182 argumenti
884 1122 899 1164 a
922 1103 1021 1164 Leone
1042 1102 1146 1164 dilatio
1173 1102 1243 1163 editi
1271 1104 1368 1176 sunt²,
1399 1105 1450 1184 qui
1472 1125 1547 1185 quo-

389 1209 454 1269 dam
483 1206 581 1268 codice
609 1214 642 1266 ut
670 1207 785 1267 videtur
810 1206 897 1266 nixus
925 1205 967 1266 eis
996 1223 1105 1267 nomen
1127 1205 1248 1267 ioannis
1271 1207 1442 1268 Geometrae
1463 1227 1549 1288 prae-

385 1310 457 1371 fixit.
505 1308 577 1388 quin
607 1327 675 1388 ergo
703 1309 772 1370 huic
800 1309 1003 1369 <versificatori
1029 1309 1172 1387 pessimo>
1202 1317 1264 1370 tota
1291 1309 1372 1389 prior
1400 1329 1468 1390 pars
1491 1313 1550 1391 syl-

385 1413 465 1491 loges
494 1411 600 1473 codicis
626 1412 691 1473 Par.
715 1412 810 1492 suppl.
834 1411 895 1472 352
925 1413 990 1472 iure
1018 1411 1166 1490 adsignata
1189 1412 1235 1487 sit,
1264 1431 1324 1473 non
1346 1414 1404 1474 iam
1428 1415 1549 1477 dubium

387 1523 441 1576 est.
485 1514 557 1574 lalso
580 1523 678 1576 autem
702 1512 857 1576 Gramerus
878 1515 998 1576 loannis
1026 1515 1197 1576 Geometras
1224 1525 1326 1595 poetae
1348 1526 1472 1579 aetatem
1496 1519 1550 1580 de-

386 1617 489 1691 linivit,
511 1636 609 1696 quem,
632 1618 770 1696 quoniam
792 1618 902 1680 cladem
918 1618 1081 1698 Nicephoro
1097 1617 1273 1696 Logothetac
1288 1640 1304 1681 a
1320 1620 1451 1700 bulgaris
1474 1639 1551 1682 anno

320 1715 323 1724 ’
387 1721 446 1783 811
470 1721 577 1782 illatam
602 1721 729 1793 defleret,
758 1721 815 1782 hoc
843 1730 981 1800 regnante
1003 1721 1109 1783 vixisse
1132 1723 1271 1802 sumpsit,
1305 1743 1374 1786 nam
1400 1725 1551 1805 lliltbeyus

385 1825 581 1904 Nicephorum
604 1841 713 1904 regem,
733 1826 769 1886 ad
789 1843 875 1904 quem
897 1825 1026 1886 carmina
1040 1825 1117 1904 apud
1133 1827 1228 1886 Cram.
1245 1825 1316 1902 290,
1333 1827 1421 1897 3051
1444 1828 1551 1908 scripta

386 1931 455 2002 sint,
464 1928 661 2008 Nicephorum
668 1929 793 1990 Phocam
807 1948 870 1990 esse
883 1927 1033 2003 intellexit,
1045 1929 1096 2008 qui
1105 1937 1173 2008 post
1183 1929 1340 2009 imperium
1348 1949 1398 1992 sex
1405 1949 1550 1992 annorum

386 2052 461 2094 anno
485 2032 546 2094 900
569 2033 739 2093 interfectus
762 2043 816 2094 est·
864 2031 1026 2111 posteriore
1055 2031 1144 2111 igitur
1170 2041 1251 2112 parte
1274 2034 1381 2096 saeculi
1403 2033 1429 2094 X
1456 2053 1551 2113 neque

387 2137 480 2197 multo
503 2144 569 2196 ante
592 2143 723 2215 tempora
745 2135 902 2215 lloxopatri
922 2135 1048 2195 loannes
1071 2135 1224 2196 Geometra
1246 2137 1312 2198 fuit.
1366 2137 1391 2198 si
1412 2138 1466 2198 hac
1488 2157 1552 2198 sera

387 2247 488 2312 aetate,
512 2257 578 2299 oum
601 2237 658 2298 iam
683 2238 732 2299 diu
747 2239 880 2319 Epitome
895 2237 926 2298 in
943 2237 1077 2299 manibus
1093 2238 1252 2300 bominum·
1262 2247 1435 2312 versaretur,
1450 2241 1550 2301 Artem

388 2342 482 2422 ipsam
512 2341 641 2402 extitisse
670 2341 723 2402 tibi
749 2341 925 2421 persuadere
954 2359 1013 2401 non
1040 2349 1138 2420 potes,
1162 2341 1347 2402 Geometram
1370 2362 1437 2405 suas
1459 2343 1550 2404 inter-

386 2443 565 2524 pretationes
586 2443 747 2522 Aphthonii
769 2444 804 2504 de
819 2443 994 2505 narrationis
1009 2442 1168 2504 virtutibus
1183 2453 1406 2524 praeceptorum
1425 2465 1459 2506 ex
1475 2446 1552 2507 anti-

387 2548 489 2627 quiore
511 2547 721 2608 commentario
744 2546 932 2627 descripsisse
959 2546 1135 2607 credendum
1164 2554 1217 2607 est.
1269 2566 1336 2608 nam
1364 2549 1399 2610 ad
1425 2549 1478 2610 has
1505 2549 1550 2609 in-

389 2650 611 2730 terpretationes
634 2650 846 2729 componendas
861 2651 961 2711 Artem
985 2648 1141 2711 adhibitam
1167 2669 1230 2710 esse
1252 2651 1294 2712 eis
1316 2651 1500 2731 perlustratis
1524 2661 1553 2712 et

389 2753 539 2814 dissolutis
563 2752 697 2814 elucebit.
746 2760 780 2813 ut
808 2753 965 2832 disputatio
987 2761 1087 2814 nostra
1111 2753 1208 2814 minus
1232 2754 1369 2835 impedita
1398 2755 1447 2828 sit,
1476 2754 1552 2815 Geo-

390 2864 513 2916 metram
537 2855 634 2935 ipsum
659 2864 807 2917 auctorem
830 2855 1105 2936 interpretationum
1128 2875 1191 2918 csse
1214 2858 1369 2920 sumimus.

477 2960 631 3021 Geometra
666 2979 732 3020 oum
768 2960 803 3021 de
836 2960 930 3039 prima
964 2960 1139 3021 narrationis
1162 2960 1304 3022 virtutum
1328 2962 1364 3022 ab
1386 2960 1553 3041 Aphthonio

389 3064 602 3144 postulatarum
626 3062 791 3137 dissereret,
815 3063 891 3124 hanc
912 3064 1055 3124 rationem
1079 3063 1154 3138 iniit,
1177 3072 1211 3124 ut
1229 3065 1354 3144 plurima
1371 3063 1497 3125 Theonis
1519 3064 1554 3125 de

392 3165 599 3247 perspicuitate
633 3175 785 3246 praecepta
819 3174 933 3227 mutato
966 3166 1114 3228 interdum
1144 3166 1244 3227 ordine
1267 3166 1446 3247 mutatisque
1470 3186 1555 3247 saepe

391 3269 487 3331 verbis
511 3270 654 3348 reciperet
674 3278 704 3330 et
725 3286 946 3347 nonnumquam
972 3270 1118 3349 longiores
1141 3269 1346 3349 explicationes
1369 3271 1404 3332 de
1427 3290 1481 3332 suo
1503 3270 1554 3330 ad-

391 3371 1275 3452 11111113(010111111101122011-111111811118018
1309 3373 1554 3446 2218-8011

392 3475 557 3546 22117=
579 3475 671 3546 8011,
698 3473 961 3588 2228-τ8213,
990 3474 1280 3548 2221182194
1304 3475 1555 3548 22213811,

459 3675 469 3708 1
487 3675 523 3726 De
539 3679 755 3742 epigrammatum
769 3672 920 3725 Graecmum
938 3673 1045 3742 epilogis
1057 3674 1205 3741 pathusdum
1216 3677 1357 3728 minorihus
1370 3679 1555 3727 commentatio

393 3743 616 3880 dotesngppepppp
630 3745 880 3863 iaiahshraeeomm
896 3812 1068 3878 sophistarum
1084 3817 1109 3862 et
1126 3812 1256 3863 rhetorum
1273 3812 1365 3863 Romae
1380 3813 1442 3865 1611
1462 3830 1485 3879 p.
1498 3811 1555 3863 399.

460 3880 532 3932 ³}lis
550 3882 708 3948 potissimum
731 3888 821 3946 quanta
843 3878 923 3931 luerit
944 3878 1080 3931 Geometra
1102 3881 1243 3962 sagacitate
1265 3881 1436 3946 cognoscitur,
1463 3887 1491 3930 ut
1512 3897 1557 3931 ex·
1647 3889 1651 3904 ·

392 3950 529 4017 plicatione
541 3950 676 4002 verborum
690 3950 828 4002 συνθέτων
842 3948 968 3999 wl1231
982 3963 1016 4000 16
1051 3948 1185 4011 Thoonem,
1202 3966 1244 4014 qur
1237 3951 1289 4016 Sp
1300 3947 1323 4000 ll
1336 3949 1367 4000 84
1380 3965 1405 4002 14
1418 3950 1556 4016 composita

392 4019 470 4070 verbu
494 4019 652 4103 simplicibus
675 4019 785 4083 opponit,
808 4018 854 4066 sub
877 4017 930 4068 illis
954 4033 1002 4066 non
1026 4018 1091 4067 idem
1115 4018 1274 4069 intellexisse
1298 4025 1372 4084 utque
1397 4017 1556 4068 Geometram

393 4094 472 4152 patet.
509 4089 551 4152 qui
574 4084 691 4138 σύνθετα
714 4078 908 4166 διθυραμβώδη
929 4086 976 4136 καὶ
993 4087 1175 4166 emissorem
1197 4089 1253 4144 τοῖς
1270 4089 1394 4151 ποιηταῖς
1412 4102 1467 4137 esse
1486 4087 1556 4137 dicit.

394 4157 468 4206 huius
492 4155 666 4274 mpfli2sntem
688 4147 806 4207 σύνθετα
825 4155 948 4206 brevitati
965 4155 1067 4205 minime
1085 4163 1183 4206 nocent
1220 4154 1250 4206 ef.
1271 4155 1425 4206 Demetrium
1444 4155 1473 4204 do
1493 4156 1556 4205 elac.

424 4223 507 4290 92811
602 4224 655 4276 311

393 4224 410 4291 ἦ
462 4291 682 4372 4μειμξμλογίμι
703 4299 729 4342 ot
745 4287 891 4360 ὑπέρβατα,
916 4291 1004 4357 quibus
1023 4298 1049 4341 et
1067 4306 1081 4341 a
1099 4290 1200 4342 Thoona
1219 4298 1244 4340 et
1261 4291 1282 4340 Ε
1302 4292 1370 4342 1115
1388 4291 1557 4357 perspicuitas

395 4361 488 4419 λέξεως
506 4361 584 4410 minui
603 4361 705 4422 dicitur,
724 4361 809 4424 inepte
827 4377 840 4410 a
855 4360 988 4411 Geometras
1002 4359 1069 4410 inter
1081 4350 1235 4429 πράγματα
1242 4360 1381 4410 orationem
1395 4361 1557 4410 obscurantis

396 4435 581 4479 enumerantur.
