3590 5262
846 392 1084 457 -XII-

381 572 416 633 de
440 571 595 652 anonymis
619 569 754 643 Seholiis,
778 570 812 631 de
835 570 988 650 anonymis
1005 571 1223 652 Prolegomenis
1238 573 1260 646 l,
1284 571 1319 633 de
1340 572 1551 634 commentario

380 674 661 754 Pseudogeorgiano.
720 693 753 735 ac
795 674 923 755 primum
962 674 1080 753 quidem
1123 676 1182 737 duo
1219 661 1351 756 exempla
1387 693 1551 755 proponere

379 780 458 851 libet,
487 777 594 857 quibus
622 777 750 839 lihellum
774 778 860 839 nohis
883 779 1037 850 edendum,
1065 796 1153 857 quem
1177 779 1331 859 Epitomen
1353 778 1550 853 nominamus,

379 903 411 944 re
438 901 504 943 vere
536 881 683 961 epitomen
714 881 863 962 amplioris
891 883 969 944 Artis
998 901 1062 943 esse
1090 883 1212 962 eiusque
1239 890 1372 963 excerpta
1398 882 1429 942 in
1458 881 1550 943 trihus

378 985 461 1047 lihris
493 984 617 1046 laudatis
651 993 749 1046 extare
782 986 846 1047 luce
876 987 982 1048 elarius
1012 985 1140 1066 adparet.
1184 987 1214 1046 in
1241 985 1394 1067 anonymis
1426 985 1550 1046 Scholiis

311 1113 313 1118 ¹
347 1070 348 1075 ἵ
379 1089 416 1148 W
432 1088 480 1150 Vll
503 1088 564 1150 762
580 1107 643 1166 sqq.
667 1087 760 1148 eidem
783 1097 870 1167 atque
891 1089 922 1150 in
937 1089 961 1149 E
976 1093 1012 1164 ξς
1030 1090 1196 1151 157-159
1220 1098 1279 1151 tres
1301 1090 1375 1151 fines
1395 1088 1551 1168 enthyme-

380 1192 467 1254 matis
500 1198 721 1263 enumerantur,
754 1209 828 1270 quos
855 1193 914 1254 duo
947 1192 995 1253 alii
1027 1193 1120 1255 lines1
1147 1201 1177 1254 et
1205 1193 1295 1255 multa
1326 1212 1361 1254 ex
1391 1193 1442 1267 eis,
1476 1213 1551 1274 quse

379 1296 541 1358 Alexander
568 1294 733 1356 Numenius
767 1303 797 1356 et
822 1294 942 1358 Neocles
976 1303 1005 1357 et
1032 1295 1240 1377 Harpocratio²
1269 1298 1305 1358 de
1333 1297 1550 1378 enthymemate

379 1400 553 1472 docuerunt,
588 1406 761 1478 sequuntur.
806 1399 877 1460 haec
909 1401 1008 1462 omnia
1035 1418 1096 1461 nun
1125 1420 1141 1461 e
1166 1401 1249 1462 lihris
1278 1401 1367 1462 trium
1398 1401 1548 1463 rhetorum

379 1503 451 1584 ipsis
478 1523 494 1564 a
521 1503 676 1565 scholiasta
703 1510 820 1582 sumpta
844 1522 908 1564 esse
931 1505 982 1565 sed
1004 1504 1056 1566 uni
1079 1505 1140 1566 Arti
1164 1505 1272 1578 deheri,
1300 1523 1335 1565 ex
1357 1523 1415 1584 qua
1436 1505 1550 1567 libellus

379 1607 463 1669 nohis
486 1607 617 1668 edendus
640 1625 756 1686 quoque
780 1606 927 1668 derivatus
950 1607 997 1680 sit,
1021 1607 1116 1668 trihus
1137 1608 1193 1669 illis
1216 1608 1325 1669 tinibus
1348 1609 1549 1684 confirmatur,

378 1711 428 1790 qui
462 1719 492 1772 et
525 1711 555 1770 in
589 1709 743 1790 anonymis
774 1709 897 1771 Schuliis
931 1718 960 1772 et
991 1710 1022 1771 in
1050 1710 1185 1790 Epitoma
1218 1713 1356 1791 leguntur
1388 1711 1549 1792 eodemque

379 1814 536 1893 utrobique
567 1813 669 1874 ordine
697 1813 846 1875 coniuncti
874 1824 953 1875 sunt.
997 1813 1028 1875 in
1055 1817 1208 1895 anonymis
1237 1815 1456 1895 Prolegomenis
1478 1817 1491 1877 l
1514 1816 1549 1875 W

379 1918 429 1978 Vll
452 1917 573 1987 537-22
605 1925 635 1978 et
665 1918 741 1997 apud
775 1916 1042 1996 Pseudogeorgium
1071 1917 1107 1976 W
1127 1918 1164 1980 W
1187 1918 1248 1978 512
1276 1918 1341 1980 adn.
1364 1920 1405 1980 44
1431 1920 1549 2000 ΑροΠο-

379 2023 534 2083 doreorum
559 2028 588 2082 et
610 2020 764 2081 Alexandri
786 2021 828 2082 eis
851 2021 993 2082 adversati
1017 2018 1095 2103 περὶ
1118 2017 1239 2096 υοίξεοις
1261 2025 1442 2104 προοιμίου
1463 2042 1549 2104 prae-

379 2133 461 2207 cepta
480 2124 681 2198 inveniuntur,
705 2123 824 2204 quaein
839 2124 974 2205 Epitoma
989 2123 1200 2186 desiderantur.
1245 2126 1435 2205 nequeenim
1452 2128 1546 2188 solum

379 2247 480 2299 exeo,
508 2227 585 2308 quod
609 2227 868 2308 Apollodoreorum
897 2237 926 2289 et
949 2227 1104 2289 Alexandri
1126 2226 1202 2310 περὶ
1225 2226 1345 2302 τάξεως
1368 2225 1550 2311 διηγήσεως

378 2340 532 2412 praecepta
564 2330 596 2391 Ε
621 2333 657 2405 §§
687 2330 850 2391 124—131
890 2331 1075 2405 adferuntur,
1113 2332 1274 2393 eorundem
1314 2329 1392 2414 περὶ
1429 2327 1550 2406 τάξεως

379 2435 560 2517 προοιμίου
593 2442 747 2514 praecepta
781 2453 869 2514 supra
901 2452 961 2494 non
987 2436 1114 2496 defuisse
1144 2435 1379 2496 concludendum
1410 2446 1465 2508 est,
1498 2435 1548 2496 sed

380 2536 467 2598 etiam
496 2535 591 2597 ver-his
617 2536 641 2596 E
668 2537 765 2611 §201
798 2537 833 2598 ad
862 2537 932 2599 haec
962 2546 1114 2619 praecepta
1143 2539 1318 2619 delegamur.
1361 2538 1546 2600 librariorum

380 2649 478 2701 autem
511 2639 595 2719 culpa
629 2649 733 2701 cuneta
767 2640 838 2700 haee
869 2649 1020 2721 praecepta
1054 2642 1177 2721 periisse
1210 2635 1351 2704 credenda
1381 2661 1441 2703 non
1468 2650 1548 2704 sunt.

381 2743 505 2804 dubitari
529 2742 618 2820 igitur
640 2742 751 2820 nequit,
774 2743 845 2822 quin
867 2743 981 2805 libellus
1004 2745 1089 2806 nohis
1111 2745 1241 2807 edendus
1259 2766 1332 2826 opus
1348 2747 1548 2828 epitomatoris

380 2846 441 2920 sit‚¹
456 2845 507 2925 qui
529 2846 607 2907 Artis
630 2846 806 2920 vetustioris,
838 2865 926 2926 quam
952 2847 983 2907 in
1007 2849 1154 2929 epitomen
1177 2849 1297 2929 redegit,
1329 2850 1406 2932 περὶ
1428 2847 1549 2925 τάξεως

382 2952 562 3032 προοιμίου
584 2960 737 3031 praecepta
760 2951 899 3011 exciderit
920 2960 950 3012 et
968 2953 1044 3014 infra
1060 2953 1227 3014 omissionis
1243 2972 1313 3015 suae
1328 2955 1435 3016 oblitus
1450 2956 1548 3017 locum

380 3053 458 3114 Artis
491 3053 526 3114 ad
559 3053 606 3114 illa
640 3054 735 3116 excisa
767 3055 971 3136 respicientem
999 3057 1159 3118 retinuerit.
1204 3059 1282 3136 quod
1309 3077 1376 3120 eum
1405 3077 1549 3139 anonyma

381 3156 506 3230 Scholia,
529 3175 673 3238 anonyma
696 3159 906 3238 Prolegomena
928 3160 949 3232 1,
973 3161 1217 3222 commentarium
1241 3161 1546 3241 Pseudogeurgiauum

380 3268 515 3339 excerpta
542 3260 630 3334 Artis,
660 3261 744 3323 cuius
770 3263 926 3343 Epitomen
953 3263 1076 3334 edimus,
1105 3265 1241 3326 exhihere
1266 3267 1297 3326 in
1324 3266 1477 3346 propatulo
1500 3265 1547 3339 sit,

380 3363 477 3425 omnia
506 3373 641 3444 excerpta
668 3367 849 3445 congerenda
880 3376 948 3428 suut
975 3377 1004 3428 et
1025 3368 1173 3446 quomodo
1195 3368 1225 3430 in
1247 3369 1312 3430 illos
1335 3369 1424 3430 lihros
1446 3387 1549 3430 mana-

378 3467 474 3528 uerint
497 3467 695 3546 quaerendum
720 3479 773 3532 est.
878 3496 880 3500 ’

448 3669 456 3701 ¹
475 3666 502 3719 ln
524 3685 562 3733 eo,
584 3670 647 3736 quod
665 3677 723 3736 post
740 3670 843 3721 Nooelis
862 3670 933 3720 finem
952 3671 1152 3738 enthymematis
1166 3670 1201 3722 W
1213 3671 1259 3722 Vll
1277 3673 1326 3724 762
1339 3673 1441 3726 17-763
1457 3673 1547 3727 s=E

378 3736 456 3802 §15⁵1
478 3739 545 3788 alter
568 3738 680 3789 eiusdem
702 3741 813 3789 rhetoris
833 3740 889 3789 linis
908 3737 943 3789 W
956 3738 999 3790 Vll
1018 3740 1147 3793 tots-10
1164 3739 1287 3802 adfertur,
1306 3741 1480 3792 offendendum
1498 3758 1547 3792 non

380 3814 427 3856 est.
463 3807 550 3872 priore
569 3807 634 3856 enirn
652 3807 712 3872 quid
730 3807 765 3856 sit
783 3809 949 3875 euthymema,
967 3809 1109 3874 posteriore
1126 3825 1189 3874 quaa
1208 3811 1243 3861 sit
1260 3811 1315 3860 eius
1327 3808 1408 3860 forma
1419 3811 1547 3862 delinitur.

379 3875 461 3924 simili
487 3875 587 3925 ratione
609 3877 687 3926 verha
708 3875 740 3925 W
761 3875 803 3926 Vll
822 3878 950 3928 tota-10
972 3877 1039 3926 dieta
1065 3884 1131 3940 sunt,
1160 3893 1221 3942 quae
1246 3877 1311 3930 infra
1334 3877 1481 3929 Alexandro
1504 3880 1548 3930 ad-

379 3944 532 3994 scribentur.
568 3944 699 3994 enuntiato
722 3945 788 3995 enim
811 3945 895 4010 priore
913 3935 1056 4012 ἐνθύμημα
1078 3944 1180 3996 ἔστιτὸ
1197 3946 1226 3999 ἐν
1243 3947 1281 4014 τῷ
1299 3938 1467 4014 διανοήματι
1487 3945 1549 4014 ἔχον

378 4008 426 4074 τὴν
452 4008 570 4080 δύναμιν
595 4013 642 4062 καί
670 4011 716 4077 τὴν
743 4007 875 4064 σύστασιν
902 4014 1095 4080 enthymematis
1121 4023 1212 4065 natura
1240 4016 1388 4081 explicatur,
1416 4017 1548 4067 enuntiato

379 4079 504 4158 inferiore
522 4070 632 4132 διάνοια
654 4075 707 4147 γάρ
731 4079 795 4163 ἐστίΙ
804 4099 843 4138 τις
860 4081 890 4132 dn
907 4082 936 4142 (l.
955 4082 994 4146 ἐν)
1011 4079 1102 4151 μάχης
1118 4083 1249 4152 λεγομένη
1270 4081 1313 4150 (ἢ)
1334 4083 1362 4135 ἐν
1379 4081 1549 4141 ἀκολουθίας

380 4147 1007 4283 σχημίαῖίιοιῐξἱιέυιοίῗὲιξιίιὲῑῗιῖῃπῗιξεἱέυριΐίἒιίωέοῑο
1028 4220 1134 4270 tertium
1152 4221 1347 4289 enthymematis
1365 4222 1438 4273 finem
1457 4221 1490 4271 W
1504 4221 1548 4272 Vll

379 4284 429 4334 763
443 4286 534 4338 s=u
554 4284 570 4350 ξ
585 4286 632 4335 159
650 4285 741 4350 fertur,
764 4289 807 4338 sed
832 4289 913 4338 eidem
931 4289 1009 4338 verba
1029 4287 1061 4336 W
1076 4287 1121 4340 Vll
1139 4289 1187 4338 763
1200 4304 1279 4344 1t-ao
1296 4289 1463 4340 adscribenda
1481 4299 1549 4354 suut,

379 4355 655 4473 pplmVIleypppirematis
686 4357 823 4423 explicatio
850 4356 899 4406 763
920 4373 946 4412 ιο
977 4357 1089 4406 adhibita
1117 4357 1326 4424 Harpocrationis
1356 4374 1411 4410 esse
1437 4360 1549 4410 traditur

552 4439 573 4478 ὅ.
