<?xml version="1.0" encoding="UTF-8"?>
<!DOCTYPE html PUBLIC "-//W3C//DTD XHTML 1.0 Transitional//EN"
    "http://www.w3.org/TR/xhtml1/DTD/xhtml1-transitional.dtd">
<html xmlns="http://www.w3.org/1999/xhtml" xml:lang="en" lang="en">
 <head>
  <title>
</title>
<meta http-equiv="Content-Type" content="text/html;charset=utf-8" />
  <meta name='ocr-system' content='tesseract 3.04.00' />
  <meta name='ocr-capabilities' content='ocr_page ocr_carea ocr_par ocr_line ocrx_word'/>
</head>
<body>
  <div class='ocr_page' id='page_1' title='image "./cornutiartisrhe00graegoog_0055.png"; bbox 0 0 3590 5262; ppageno 0'>
   <div class='ocr_carea' id='block_1_1' title="bbox 824 349 1095 412">
    <p class='ocr_par' dir='ltr' id='par_1_1' title="bbox 824 349 1095 412">
     <span class='ocr_line' id='line_1_1' title="bbox 824 349 1095 412; baseline 0 0"><span class='ocrx_word' id='word_1_1' title='bbox 824 385 861 396; x_wconf 85' lang='lat'>—</span> <span class='ocrx_word' id='word_1_2' title='bbox 907 349 1009 412; x_wconf 84' lang='lat' dir='ltr'>XLIV</span> <span class='ocrx_word' id='word_1_3' title='bbox 1058 385 1095 394; x_wconf 89' lang='lat'>-</span> 
     </span>
    </p>
   </div>
   <div class='ocr_carea' id='block_1_2' title="bbox 380 521 1553 2271">
    <p class='ocr_par' dir='ltr' id='par_1_2' title="bbox 380 521 1553 1842">
     <span class='ocr_line' id='line_1_2' title="bbox 384 521 1552 610; baseline -0.001 -20"><span class='ocrx_word' id='word_1_4' title='bbox 384 522 575 591; x_wconf 72' lang='grc' dir='ltr'><strong><em>τάττεσθαι.</em></strong></span> <span class='ocrx_word' id='word_1_5' title='bbox 623 523 834 609; x_wconf 74' lang='grc' dir='ltr'><strong><em>Ἀλέξανδρος</em></strong></span> <span class='ocrx_word' id='word_1_6' title='bbox 863 525 900 589; x_wconf 75' lang='grc' dir='ltr'>δὲ</span> <span class='ocrx_word' id='word_1_7' title='bbox 929 521 948 589; x_wconf 82' lang='lat' dir='ltr'>d</span> <span class='ocrx_word' id='word_1_8' title='bbox 974 526 1032 589; x_wconf 80' lang='grc' dir='ltr'>τοῦ</span> <span class='ocrx_word' id='word_1_9' title='bbox 1059 529 1249 608; x_wconf 79' lang='grc' dir='ltr'><strong><em>Νοομηνίου</em></strong></span> <span class='ocrx_word' id='word_1_10' title='bbox 1278 524 1333 586; x_wconf 90' lang='grc' dir='ltr'><strong><em>ιιαὶ</em></strong></span> <span class='ocrx_word' id='word_1_11' title='bbox 1356 529 1428 587; x_wconf 85' lang='grc' dir='ltr'><strong><em>κατ’</em></strong></span> <span class='ocrx_word' id='word_1_12' title='bbox 1451 521 1552 610; x_wconf 81' lang='grc' dir='ltr'><strong><em>ἀρχήν</em></strong></span> 
     </span>
     <span class='ocr_line' id='line_1_3' title="bbox 384 623 1550 714; baseline 0 -22"><span class='ocrx_word' id='word_1_13' title='bbox 384 646 467 714; x_wconf 82' lang='grc' dir='ltr'><strong><em>φησι</em></strong></span> <span class='ocrx_word' id='word_1_14' title='bbox 490 630 585 693; x_wconf 79' lang='grc' dir='ltr'><strong><em>τοῦτο</em></strong></span> <span class='ocrx_word' id='word_1_15' title='bbox 609 630 664 693; x_wconf 85' lang='grc' dir='ltr'>καὶ</span> <span class='ocrx_word' id='word_1_16' title='bbox 687 629 770 713; x_wconf 82' lang='grc' dir='ltr'><strong><em>μετὰ</em></strong></span> <span class='ocrx_word' id='word_1_17' title='bbox 790 629 848 713; x_wconf 76' lang='grc' dir='ltr'>τὴν</span> <span class='ocrx_word' id='word_1_18' title='bbox 871 626 1028 713; x_wconf 75' lang='grc' dir='ltr'><strong><em>διήγησιν</em></strong></span> <span class='ocrx_word' id='word_1_19' title='bbox 1050 629 1104 690; x_wconf 85' lang='grc' dir='ltr'>καὶ</span> <span class='ocrx_word' id='word_1_20' title='bbox 1126 626 1209 712; x_wconf 87' lang='grc' dir='ltr'><strong><em>μετά</em></strong></span> <span class='ocrx_word' id='word_1_21' title='bbox 1223 623 1281 701; x_wconf 80' lang='grc' dir='ltr'>τὰς</span> <span class='ocrx_word' id='word_1_22' title='bbox 1296 629 1427 702; x_wconf 77' lang='grc' dir='ltr'><strong><em>πίστεις</em></strong></span> <span class='ocrx_word' id='word_1_23' title='bbox 1441 627 1550 692; x_wconf 83' lang='grc' dir='ltr'><strong><em>τάττε-</em></strong></span> 
     </span>
     <span class='ocr_line' id='line_1_4' title="bbox 385 729 1552 818; baseline -0.003 -22"><span class='ocrx_word' id='word_1_24' title='bbox 385 737 483 809; x_wconf 79' lang='grc' dir='ltr'><strong><em>σθαι,</em></strong></span> <span class='ocrx_word' id='word_1_25' title='bbox 509 730 527 797; x_wconf 78' lang='grc' dir='ltr'>ὅ</span> <span class='ocrx_word' id='word_1_26' title='bbox 549 732 605 795; x_wconf 77' lang='grc' dir='ltr'>καὶ</span> <span class='ocrx_word' id='word_1_27' title='bbox 630 729 687 818; x_wconf 81' lang='grc' dir='ltr'>(ὁ)</span> <span class='ocrx_word' id='word_1_28' title='bbox 714 735 934 815; x_wconf 75' lang='grc' dir='ltr'><strong><em>Δημοσθένης</em></strong></span> <span class='ocrx_word' id='word_1_29' title='bbox 967 730 1003 794; x_wconf 78' lang='grc' dir='ltr'>ἐν</span> <span class='ocrx_word' id='word_1_30' title='bbox 1035 733 1080 814; x_wconf 78' lang='grc' dir='ltr'>τῷ</span> <span class='ocrx_word' id='word_1_31' title='bbox 1113 729 1197 794; x_wconf 85' lang='grc' dir='ltr'><strong><em>κατὰ</em></strong></span> <span class='ocrx_word' id='word_1_32' title='bbox 1220 730 1366 794; x_wconf 80' lang='grc' dir='ltr'><strong><em>Μειδίου</em></strong></span> <span class='ocrx_word' id='word_1_33' title='bbox 1389 735 1552 815; x_wconf 77' lang='grc' dir='ltr'><strong><em>πεποίηκε</em></strong></span> 
     </span>
     <span class='ocr_line' id='line_1_5' title="bbox 384 829 1551 919; baseline -0.003 -20"><span class='ocrx_word' id='word_1_34' title='bbox 384 833 504 919; x_wconf 79' lang='grc' dir='ltr'><strong><em>μεταξὺ</em></strong></span> <span class='ocrx_word' id='word_1_35' title='bbox 532 836 590 900; x_wconf 83' lang='grc' dir='ltr'>τοῦ</span> <span class='ocrx_word' id='word_1_36' title='bbox 613 833 718 914; x_wconf 76' lang='grc' dir='ltr'><strong><em>λόγου</em></strong></span> <span class='ocrx_word' id='word_1_37' title='bbox 747 835 851 899; x_wconf 81' lang='grc' dir='ltr'><strong><em>εἰπών</em></strong></span> <span class='ocrx_word' id='word_1_38' title='bbox 880 837 911 916; x_wconf 64' lang='grc' dir='ltr'>(ξ</span> <span class='ocrx_word' id='word_1_39' title='bbox 927 836 980 916; x_wconf 85' lang='grc'>77)</span> <span class='ocrx_word' id='word_1_40' title='bbox 1010 837 1118 918; x_wconf 81' lang='grc' dir='ltr'>&lt;οἶμαι</span> <span class='ocrx_word' id='word_1_41' title='bbox 1145 839 1257 898; x_wconf 77' lang='grc' dir='ltr'><strong><em>τοίνυν</em></strong></span> <span class='ocrx_word' id='word_1_42' title='bbox 1282 834 1374 908; x_wconf 86' lang='grc' dir='ltr'><strong><em>τινὰς</em></strong></span> <span class='ocrx_word' id='word_1_43' title='bbox 1401 829 1502 916; x_wconf 76' lang='grc' dir='ltr'><strong><em>ὑμῶν,</em></strong></span> <span class='ocrx_word' id='word_1_44' title='bbox 1527 829 1551 896; x_wconf 80' lang='grc' dir='ltr'><em>ὦ</em></span> 
     </span>
     <span class='ocr_line' id='line_1_6' title="bbox 380 929 1551 1023; baseline -0.002 -21"><span class='ocrx_word' id='word_1_45' title='bbox 380 937 575 1023; x_wconf 57' lang='lat' dir='ltr'>tropeam,</span> <span class='ocrx_word' id='word_1_46' title='bbox 611 942 739 1002; x_wconf 76' lang='grc' dir='ltr'><strong><em>ποθεῖν</em></strong></span> <span class='ocrx_word' id='word_1_47' title='bbox 765 933 906 1001; x_wconf 79' lang='grc' dir='ltr'><strong><em>ἀκοῦσαι</em></strong></span> <span class='ocrx_word' id='word_1_48' title='bbox 937 937 996 1021; x_wconf 79' lang='grc' dir='ltr'>τήν</span> <span class='ocrx_word' id='word_1_49' title='bbox 1024 937 1161 1022; x_wconf 82' lang='grc' dir='ltr'><strong><em>ἔχθραν,</em></strong></span> <span class='ocrx_word' id='word_1_50' title='bbox 1190 933 1261 1022; x_wconf 82' lang='grc' dir='ltr'><strong><em>ῆτις</em></strong></span> <span class='ocrx_word' id='word_1_51' title='bbox 1286 932 1326 1023; x_wconf 81' lang='grc' dir='ltr'>ἦν</span> <span class='ocrx_word' id='word_1_52' title='bbox 1353 933 1454 1022; x_wconf 70' lang='grc' dir='ltr'><strong><em>ἡμῖν’.</em></strong></span> <span class='ocrx_word' id='word_1_53' title='bbox 1514 929 1551 1001; x_wconf 81' lang='grc' dir='ltr'>οὗ</span> 
     </span>
     <span class='ocr_line' id='line_1_7' title="bbox 383 1040 1550 1127; baseline -0.002 -21"><span class='ocrx_word' id='word_1_54' title='bbox 383 1042 448 1127; x_wconf 72' lang='grc' dir='ltr'>μὴν</span> <span class='ocrx_word' id='word_1_55' title='bbox 470 1042 529 1106; x_wconf 83' lang='grc' dir='ltr'><strong><em>διὰ</em></strong></span> <span class='ocrx_word' id='word_1_56' title='bbox 550 1040 678 1117; x_wconf 81' lang='grc' dir='ltr'><strong><em>τούτου,</em></strong></span> <span class='ocrx_word' id='word_1_57' title='bbox 702 1045 798 1126; x_wconf 82' lang='grc' dir='ltr'><strong><em>φησί,</em></strong></span> <span class='ocrx_word' id='word_1_58' title='bbox 823 1041 878 1103; x_wconf 79' lang='grc' dir='ltr'>καὶ</span> <span class='ocrx_word' id='word_1_59' title='bbox 902 1040 1013 1105; x_wconf 84' lang='grc' dir='ltr'><strong><em>διττὸν</em></strong></span> <span class='ocrx_word' id='word_1_60' title='bbox 1036 1043 1120 1105; x_wconf 77' lang='grc' dir='ltr'><strong><em>εἶναι</em></strong></span> <span class='ocrx_word' id='word_1_61' title='bbox 1143 1041 1180 1105; x_wconf 80' lang='grc' dir='ltr'>τὸ</span> <span class='ocrx_word' id='word_1_62' title='bbox 1203 1044 1384 1126; x_wconf 75' lang='grc' dir='ltr'><strong><em>προοίμιον</em></strong></span> <span class='ocrx_word' id='word_1_63' title='bbox 1405 1043 1550 1124; x_wconf 65' lang='lat' dir='ltr'>venetos,</span> 
     </span>
     <span class='ocr_line' id='line_1_8' title="bbox 385 1141 1552 1233; baseline -0.001 -24"><span class='ocrx_word' id='word_1_64' title='bbox 385 1142 469 1209; x_wconf 78' lang='grc' dir='ltr'><em>ἀλλὰ</em></span> <span class='ocrx_word' id='word_1_65' title='bbox 500 1144 537 1208; x_wconf 81' lang='grc' dir='ltr'>τὸ</span> <span class='ocrx_word' id='word_1_66' title='bbox 571 1141 631 1229; x_wconf 79' lang='grc' dir='ltr'>μὲν</span> <span class='ocrx_word' id='word_1_67' title='bbox 663 1143 696 1207; x_wconf 72' lang='grc' dir='ltr'>ἐν</span> <span class='ocrx_word' id='word_1_68' title='bbox 723 1143 804 1233; x_wconf 78' lang='grc' dir='ltr'><strong><em>ἀρχῇ</em></strong></span> <span class='ocrx_word' id='word_1_69' title='bbox 831 1144 913 1206; x_wconf 80' lang='grc' dir='ltr'><strong><em>κατὰ</em></strong></span> <span class='ocrx_word' id='word_1_70' title='bbox 939 1143 997 1226; x_wconf 80' lang='grc' dir='ltr'>τὴν</span> <span class='ocrx_word' id='word_1_71' title='bbox 1024 1143 1165 1229; x_wconf 82' lang='grc' dir='ltr'><strong><em>δύναμιν</em></strong></span> <span class='ocrx_word' id='word_1_72' title='bbox 1194 1145 1249 1208; x_wconf 78' lang='grc' dir='ltr'>καὶ</span> <span class='ocrx_word' id='word_1_73' title='bbox 1277 1145 1360 1207; x_wconf 78' lang='grc' dir='ltr'><strong><em>κατὰ</em></strong></span> <span class='ocrx_word' id='word_1_74' title='bbox 1379 1143 1437 1227; x_wconf 75' lang='grc' dir='ltr'>τὴν</span> <span class='ocrx_word' id='word_1_75' title='bbox 1458 1143 1552 1216; x_wconf 84' lang='grc' dir='ltr'><strong><em>τάξιν</em></strong></span> 
     </span>
     <span class='ocr_line' id='line_1_9' title="bbox 384 1241 1553 1332; baseline 0 -21"><span class='ocrx_word' id='word_1_76' title='bbox 384 1247 591 1332; x_wconf 79' lang='grc' dir='ltr'><strong><em>κυριώτερον,</em></strong></span> <span class='ocrx_word' id='word_1_77' title='bbox 616 1251 711 1332; x_wconf 73' lang='grc' dir='ltr'><strong><em>φησι,</em></strong></span> <span class='ocrx_word' id='word_1_78' title='bbox 734 1241 919 1331; x_wconf 79' lang='grc' dir='ltr'><strong><em>νομιστέον,</em></strong></span> <span class='ocrx_word' id='word_1_79' title='bbox 942 1246 979 1311; x_wconf 80' lang='grc' dir='ltr'>τὸ</span> <span class='ocrx_word' id='word_1_80' title='bbox 1002 1247 1040 1311; x_wconf 77' lang='grc' dir='ltr'>δὲ</span> <span class='ocrx_word' id='word_1_81' title='bbox 1062 1247 1097 1312; x_wconf 74' lang='grc' dir='ltr'>ἐν</span> <span class='ocrx_word' id='word_1_82' title='bbox 1118 1250 1163 1332; x_wconf 82' lang='grc' dir='ltr'>τῷ</span> <span class='ocrx_word' id='word_1_83' title='bbox 1177 1247 1298 1328; x_wconf 84' lang='grc' dir='ltr'><strong><em>μεταξὺ</em></strong></span> <span class='ocrx_word' id='word_1_84' title='bbox 1314 1246 1397 1310; x_wconf 83' lang='grc' dir='ltr'><strong><em>κατὰ</em></strong></span> <span class='ocrx_word' id='word_1_85' title='bbox 1411 1243 1553 1330; x_wconf 82' lang='grc' dir='ltr'><strong><em>δύναμιν</em></strong></span> 
     </span>
     <span class='ocr_line' id='line_1_10' title="bbox 384 1348 1551 1436; baseline -0.002 -21"><span class='ocrx_word' id='word_1_86' title='bbox 384 1349 502 1436; x_wconf 85' lang='grc' dir='ltr'><strong><em>μόνον·</em></strong></span> <span class='ocrx_word' id='word_1_87' title='bbox 531 1350 679 1434; x_wconf 71' lang='grc' dir='ltr'><strong><em>θορύβου</em></strong></span> <span class='ocrx_word' id='word_1_88' title='bbox 701 1350 763 1435; x_wconf 77' lang='grc' dir='ltr'>γὰρ</span> <span class='ocrx_word' id='word_1_89' title='bbox 786 1348 946 1425; x_wconf 81' lang='grc' dir='ltr'><strong><em>πολλάκις</em></strong></span> <span class='ocrx_word' id='word_1_90' title='bbox 968 1349 1004 1414; x_wconf 82' lang='grc' dir='ltr'>ἒν</span> <span class='ocrx_word' id='word_1_91' title='bbox 1025 1352 1070 1435; x_wconf 76' lang='grc' dir='ltr'>τῷ</span> <span class='ocrx_word' id='word_1_92' title='bbox 1091 1348 1211 1431; x_wconf 78' lang='grc' dir='ltr'><strong><em>μοταξύ</em></strong></span> <span class='ocrx_word' id='word_1_93' title='bbox 1233 1354 1407 1433; x_wconf 77' lang='grc' dir='ltr'><strong><em>γινομένου</em></strong></span> <span class='ocrx_word' id='word_1_94' title='bbox 1429 1348 1551 1434; x_wconf 76' lang='grc' dir='ltr'><strong><em>ἀνάγκη</em></strong></span> 
     </span>
     <span class='ocr_line' id='line_1_11' title="bbox 384 1452 1551 1539; baseline 0 -19"><span class='ocrx_word' id='word_1_95' title='bbox 384 1452 681 1539; x_wconf 85' lang='grc' dir='ltr'><strong><em>προοιμιάσασθαι</em></strong></span> <span class='ocrx_word' id='word_1_96' title='bbox 712 1453 817 1517; x_wconf 78' lang='grc' dir='ltr'><strong><em>πάλιν</em></strong></span> <span class='ocrx_word' id='word_1_97' title='bbox 844 1454 927 1536; x_wconf 83' lang='grc' dir='ltr'><strong><em>πρὸς</em></strong></span> <span class='ocrx_word' id='word_1_98' title='bbox 953 1455 989 1517; x_wconf 88' lang='grc' dir='ltr'>τὸ</span> <span class='ocrx_word' id='word_1_99' title='bbox 1016 1454 1186 1538; x_wconf 71' lang='grc' dir='ltr'><strong><em>προσοχὴν</em></strong></span> <span class='ocrx_word' id='word_1_100' title='bbox 1213 1453 1435 1538; x_wconf 77' lang='grc' dir='ltr'><strong><em>ἐργάσασθαι.</em></strong></span> <span class='ocrx_word' id='word_1_101' title='bbox 1484 1477 1551 1520; x_wconf 90' lang='lat' dir='ltr'>cum</span> 
     </span>
     <span class='ocr_line' id='line_1_12' title="bbox 384 1555 1550 1641; baseline 0.002 -19"><span class='ocrx_word' id='word_1_102' title='bbox 384 1561 431 1622; x_wconf 93' lang='lat' dir='ltr'>bis</span> <span class='ocrx_word' id='word_1_103' title='bbox 452 1560 548 1622; x_wconf 87' lang='lat' dir='ltr'>verbis</span> <span class='ocrx_word' id='word_1_104' title='bbox 570 1580 587 1621; x_wconf 91' lang='lat' dir='ltr'>a</span> <span class='ocrx_word' id='word_1_105' title='bbox 608 1560 739 1622; x_wconf 80' lang='lat' dir='ltr'>Cornuto</span> <span class='ocrx_word' id='word_1_106' title='bbox 755 1558 868 1621; x_wconf 83' lang='lat' dir='ltr'>Neoclis</span> <span class='ocrx_word' id='word_1_107' title='bbox 892 1560 927 1621; x_wconf 92' lang='lat' dir='ltr'>de</span> <span class='ocrx_word' id='word_1_108' title='bbox 949 1555 1038 1630; x_wconf 82' lang='grc' dir='ltr'><strong><em>τάξει</em></strong></span> <span class='ocrx_word' id='word_1_109' title='bbox 1062 1559 1205 1640; x_wconf 81' lang='lat' dir='ltr'><strong>prooemii</strong></span> <span class='ocrx_word' id='word_1_110' title='bbox 1227 1569 1381 1641; x_wconf 87' lang='lat' dir='ltr'>praecepta</span> <span class='ocrx_word' id='word_1_111' title='bbox 1396 1563 1550 1624; x_wconf 90' lang='lat' dir='ltr'>coniuncta</span> 
     </span>
     <span class='ocr_line' id='line_1_13' title="bbox 385 1658 1551 1746; baseline 0.001 -21"><span class='ocrx_word' id='word_1_112' title='bbox 385 1683 449 1726; x_wconf 89' lang='lat' dir='ltr'>esse</span> <span class='ocrx_word' id='word_1_113' title='bbox 471 1665 626 1736; x_wconf 89' lang='lat' dir='ltr'>credimus,</span> <span class='ocrx_word' id='word_1_114' title='bbox 650 1663 718 1743; x_wconf 87' lang='lat' dir='ltr'>quia</span> <span class='ocrx_word' id='word_1_115' title='bbox 740 1682 814 1742; x_wconf 87' lang='lat' dir='ltr'>quae</span> <span class='ocrx_word' id='word_1_116' title='bbox 835 1664 913 1724; x_wconf 93' lang='lat' dir='ltr'>idem</span> <span class='ocrx_word' id='word_1_117' title='bbox 937 1663 972 1724; x_wconf 92' lang='lat' dir='ltr'>de</span> <span class='ocrx_word' id='word_1_118' title='bbox 994 1658 1084 1734; x_wconf 85' lang='grc' dir='ltr'><strong><em>τάξει</em></strong></span> <span class='ocrx_word' id='word_1_119' title='bbox 1107 1664 1282 1726; x_wconf 78' lang='lat' dir='ltr'>narrationis</span> <span class='ocrx_word' id='word_1_120' title='bbox 1305 1674 1336 1726; x_wconf 87' lang='lat' dir='ltr'>et</span> <span class='ocrx_word' id='word_1_121' title='bbox 1357 1665 1461 1745; x_wconf 85' lang='lat' dir='ltr'>epilogi</span> <span class='ocrx_word' id='word_1_122' title='bbox 1484 1683 1551 1746; x_wconf 94' lang='lat' dir='ltr'>par-</span> 
     </span>
     <span class='ocr_line' id='line_1_14' title="bbox 385 1766 1260 1842; baseline 0.001 -14"><span class='ocrx_word' id='word_1_123' title='bbox 385 1769 460 1829; x_wconf 91' lang='lat' dir='ltr'>tium</span> <span class='ocrx_word' id='word_1_124' title='bbox 483 1768 591 1842; x_wconf 91' lang='lat' dir='ltr'>docuit,</span> <span class='ocrx_word' id='word_1_125' title='bbox 614 1767 638 1828; x_wconf 86' lang='lat' dir='ltr'>E</span> <span class='ocrx_word' id='word_1_126' title='bbox 659 1770 696 1842; x_wconf 53' lang='grc' dir='ltr'>ἐξ</span> <span class='ocrx_word' id='word_1_127' title='bbox 714 1766 891 1840; x_wconf 82' lang='lat'>125-128,</span> <span class='ocrx_word' id='word_1_128' title='bbox 914 1766 984 1840; x_wconf 84' lang='lat'>211,</span> <span class='ocrx_word' id='word_1_129' title='bbox 1009 1766 1070 1828; x_wconf 83' lang='lat'>239</span> <span class='ocrx_word' id='word_1_130' title='bbox 1095 1770 1260 1830; x_wconf 89' lang='lat' dir='ltr'>traduntur.</span> 
     </span>
    </p>

    <p class='ocr_par' dir='ltr' id='par_1_3' title="bbox 383 1870 1552 2271">
     <span class='ocr_line' id='line_1_15' title="bbox 468 1870 1551 1952; baseline 0.005 -21"><span class='ocrx_word' id='word_1_131' title='bbox 468 1871 509 1932; x_wconf 82' lang='lat' dir='ltr'>lle</span> <span class='ocrx_word' id='word_1_132' title='bbox 524 1871 656 1952; x_wconf 93' lang='lat' dir='ltr'>proxima</span> <span class='ocrx_word' id='word_1_133' title='bbox 672 1870 794 1932; x_wconf 84' lang='lat' dir='ltr'>Cornuti</span> <span class='ocrx_word' id='word_1_134' title='bbox 809 1870 886 1933; x_wconf 78' lang='lat' dir='ltr'>Artis</span> <span class='ocrx_word' id='word_1_135' title='bbox 910 1880 1000 1951; x_wconf 92' lang='lat' dir='ltr'>parte,</span> <span class='ocrx_word' id='word_1_136' title='bbox 1023 1891 1081 1950; x_wconf 92' lang='lat' dir='ltr'>qua</span> <span class='ocrx_word' id='word_1_137' title='bbox 1104 1889 1171 1934; x_wconf 93' lang='lat' dir='ltr'>eum</span> <span class='ocrx_word' id='word_1_138' title='bbox 1195 1872 1344 1951; x_wconf 89' lang='lat' dir='ltr'>quaesisse</span> <span class='ocrx_word' id='word_1_139' title='bbox 1367 1875 1551 1936; x_wconf 88' lang='lat' dir='ltr'>demonstra·</span> 
     </span>
     <span class='ocr_line' id='line_1_16' title="bbox 384 1974 1552 2056; baseline 0.003 -21"><span class='ocrx_word' id='word_1_140' title='bbox 384 1975 493 2047; x_wconf 87' lang='lat' dir='ltr'><strong>vimus,</strong></span> <span class='ocrx_word' id='word_1_141' title='bbox 526 1987 627 2036; x_wconf 91' lang='lat' dir='ltr'>utrum</span> <span class='ocrx_word' id='word_1_142' title='bbox 654 1974 845 2056; x_wconf 90' lang='lat' dir='ltr'>prooemium</span> <span class='ocrx_word' id='word_1_143' title='bbox 868 1974 1068 2054; x_wconf 78' lang='lat' dir='ltr'>dividendum</span> <span class='ocrx_word' id='word_1_144' title='bbox 1104 1985 1182 2037; x_wconf 91' lang='lat' dir='ltr'>esset</span> <span class='ocrx_word' id='word_1_145' title='bbox 1214 1995 1321 2049; x_wconf 90' lang='lat' dir='ltr'>necue,</span> <span class='ocrx_word' id='word_1_146' title='bbox 1355 1978 1462 2039; x_wconf 88' lang='lat' dir='ltr'>certius</span> <span class='ocrx_word' id='word_1_147' title='bbox 1496 1977 1552 2039; x_wconf 91' lang='lat' dir='ltr'>dici</span> 
     </span>
     <span class='ocr_line' id='line_1_17' title="bbox 384 2078 1552 2160; baseline 0.003 -21"><span class='ocrx_word' id='word_1_148' title='bbox 384 2079 493 2158; x_wconf 91' lang='lat' dir='ltr'>nequit.</span> <span class='ocrx_word' id='word_1_149' title='bbox 528 2098 623 2158; x_wconf 91' lang='lat' dir='ltr'>neque</span> <span class='ocrx_word' id='word_1_150' title='bbox 645 2079 803 2141; x_wconf 91' lang='lat' dir='ltr'>diiudicare</span> <span class='ocrx_word' id='word_1_151' title='bbox 826 2097 977 2149; x_wconf 92' lang='lat' dir='ltr'>conemur,</span> <span class='ocrx_word' id='word_1_152' title='bbox 1000 2078 1103 2141; x_wconf 90' lang='lat' dir='ltr'>ultima</span> <span class='ocrx_word' id='word_1_153' title='bbox 1124 2079 1212 2160; x_wconf 93' lang='lat' dir='ltr'>primi</span> <span class='ocrx_word' id='word_1_154' title='bbox 1234 2081 1270 2141; x_wconf 90' lang='lat' dir='ltr'>de</span> <span class='ocrx_word' id='word_1_155' title='bbox 1291 2080 1460 2142; x_wconf 78' lang='lat' dir='ltr'>inventione</span> <span class='ocrx_word' id='word_1_156' title='bbox 1480 2081 1552 2142; x_wconf 90' lang='lat' dir='ltr'>tomi</span> 
     </span>
     <span class='ocr_line' id='line_1_18' title="bbox 383 2180 1551 2271; baseline 0.001 -27"><span class='ocrx_word' id='word_1_157' title='bbox 383 2201 450 2263; x_wconf 91' lang='lat' dir='ltr'>pars</span> <span class='ocrx_word' id='word_1_158' title='bbox 472 2181 586 2262; x_wconf 84' lang='lat' dir='ltr'>integra</span> <span class='ocrx_word' id='word_1_159' title='bbox 607 2183 638 2243; x_wconf 94' lang='lat' dir='ltr'>in</span> <span class='ocrx_word' id='word_1_160' title='bbox 660 2182 735 2257; x_wconf 76' lang='lat' dir='ltr'>E§§</span> <span class='ocrx_word' id='word_1_161' title='bbox 750 2180 876 2271; x_wconf 78' lang='lat'><strong>37-39</strong></span> <span class='ocrx_word' id='word_1_162' title='bbox 901 2181 1090 2263; x_wconf 82' lang='lat' dir='ltr'>transscripta</span> <span class='ocrx_word' id='word_1_163' title='bbox 1113 2202 1149 2244; x_wconf 90' lang='lat' dir='ltr'>an</span> <span class='ocrx_word' id='word_1_164' title='bbox 1170 2192 1317 2246; x_wconf 88' lang='lat' dir='ltr'>contracta</span> <span class='ocrx_word' id='word_1_165' title='bbox 1331 2193 1360 2246; x_wconf 89' lang='lat' dir='ltr'>et</span> <span class='ocrx_word' id='word_1_166' title='bbox 1375 2191 1487 2247; x_wconf 89' lang='lat' dir='ltr'>mutata</span> <span class='ocrx_word' id='word_1_167' title='bbox 1503 2184 1551 2247; x_wconf 91' lang='lat' dir='ltr'>sit.</span> 
     </span>
    </p>
   </div>
   <div class='ocr_carea' id='block_1_3' title="bbox 687 2399 1251 2489">
    <p class='ocr_par' dir='ltr' id='par_1_4' title="bbox 687 2399 1251 2489">
     <span class='ocr_line' id='line_1_19' title="bbox 687 2399 1251 2489; baseline 0.004 -23"><span class='ocrx_word' id='word_1_168' title='bbox 687 2402 769 2482; x_wconf 82' lang='grc' dir='ltr'><strong><em>Περὶ</em></strong></span> <span class='ocrx_word' id='word_1_169' title='bbox 792 2399 948 2486; x_wconf 75' lang='grc' dir='ltr'><strong><em>εὑρέσεως</em></strong></span> <span class='ocrx_word' id='word_1_170' title='bbox 970 2399 1119 2488; x_wconf 77' lang='grc' dir='ltr'><strong><em>δεύτερος</em></strong></span> <span class='ocrx_word' id='word_1_171' title='bbox 1141 2404 1251 2489; x_wconf 85' lang='grc' dir='ltr'><strong><em>τόμος.</em></strong></span> 
     </span>
    </p>
   </div>
   <div class='ocr_carea' id='block_1_4' title="bbox 315 2526 1552 4160">
    <p class='ocr_par' dir='ltr' id='par_1_5' title="bbox 315 2526 1552 3850">
     <span class='ocr_line' id='line_1_20' title="bbox 470 2526 1552 2609; baseline 0.006 -23"><span class='ocrx_word' id='word_1_172' title='bbox 470 2526 503 2586; x_wconf 96' lang='lat' dir='ltr'>ln</span> <span class='ocrx_word' id='word_1_173' title='bbox 526 2526 675 2606; x_wconf 82' lang='lat' dir='ltr'>Epitomes</span> <span class='ocrx_word' id='word_1_174' title='bbox 707 2535 790 2608; x_wconf 91' lang='lat' dir='ltr'>parte</span> <span class='ocrx_word' id='word_1_175' title='bbox 823 2526 998 2588; x_wconf 75' lang='lat' dir='ltr'>narrationis</span> <span class='ocrx_word' id='word_1_176' title='bbox 1031 2529 1105 2589; x_wconf 87' lang='lat' dir='ltr'>lines</span> <span class='ocrx_word' id='word_1_177' title='bbox 1132 2530 1322 2590; x_wconf 83' lang='lat' dir='ltr'>antecedente</span> <span class='ocrx_word' id='word_1_178' title='bbox 1351 2533 1398 2606; x_wconf 57' lang='grc' dir='ltr'>(ἐς</span> <span class='ocrx_word' id='word_1_179' title='bbox 1413 2532 1552 2609; x_wconf 80' lang='grc'>40-45)</span> 
     </span>
     <span class='ocr_line' id='line_1_21' title="bbox 385 2629 1551 2713; baseline 0.003 -21"><span class='ocrx_word' id='word_1_180' title='bbox 385 2631 532 2710; x_wconf 91' lang='lat' dir='ltr'>quomodo</span> <span class='ocrx_word' id='word_1_181' title='bbox 562 2630 790 2703; x_wconf 80' lang='lat' dir='ltr'>criminationes,</span> <span class='ocrx_word' id='word_1_182' title='bbox 822 2649 896 2709; x_wconf 86' lang='lat' dir='ltr'>quae</span> <span class='ocrx_word' id='word_1_183' title='bbox 924 2629 955 2691; x_wconf 91' lang='lat' dir='ltr'>in</span> <span class='ocrx_word' id='word_1_184' title='bbox 978 2632 1065 2693; x_wconf 87' lang='lat' dir='ltr'>certis</span> <span class='ocrx_word' id='word_1_185' title='bbox 1088 2633 1263 2713; x_wconf 88' lang='lat' dir='ltr'>quibusdam</span> <span class='ocrx_word' id='word_1_186' title='bbox 1287 2633 1382 2695; x_wconf 89' lang='lat' dir='ltr'>causis</span> <span class='ocrx_word' id='word_1_187' title='bbox 1405 2644 1551 2695; x_wconf 90' lang='lat' dir='ltr'>oratorem</span> 
     </span>
     <span class='ocr_line' id='line_1_22' title="bbox 315 2733 1551 2820; baseline 0.005 -27"><span class='ocrx_word' id='word_1_188' title='bbox 315 2802 318 2808; x_wconf 44' lang='grc'>,</span> <span class='ocrx_word' id='word_1_189' title='bbox 386 2733 544 2811; x_wconf 83' lang='lat' dir='ltr'>contigant,</span> <span class='ocrx_word' id='word_1_190' title='bbox 566 2733 746 2813; x_wconf 85' lang='lat' dir='ltr'>repellantur</span> <span class='ocrx_word' id='word_1_191' title='bbox 768 2733 898 2794; x_wconf 87' lang='lat' dir='ltr'>docetur.</span> <span class='ocrx_word' id='word_1_192' title='bbox 947 2734 1116 2796; x_wconf 90' lang='lat' dir='ltr'>huiusmodi</span> <span class='ocrx_word' id='word_1_193' title='bbox 1138 2737 1320 2817; x_wconf 85' lang='lat' dir='ltr'>repulsiones</span> <span class='ocrx_word' id='word_1_194' title='bbox 1344 2733 1551 2820; x_wconf 81' lang='grc' dir='ltr'><strong><em>προκαταλή-</em></strong></span> 
     </span>
     <span class='ocr_line' id='line_1_23' title="bbox 385 2836 1552 2920; baseline 0.005 -24"><span class='ocrx_word' id='word_1_195' title='bbox 385 2844 464 2917; x_wconf 81' lang='grc' dir='ltr'><strong><em>ψεις</em></strong></span> <span class='ocrx_word' id='word_1_196' title='bbox 486 2836 522 2898; x_wconf 91' lang='lat' dir='ltr'>ab</span> <span class='ocrx_word' id='word_1_197' title='bbox 544 2837 723 2898; x_wconf 79' lang='lat' dir='ltr'>Anaximene</span> <span class='ocrx_word' id='word_1_198' title='bbox 745 2837 944 2897; x_wconf 90' lang='lat' dir='ltr'>nominantur.</span> <span class='ocrx_word' id='word_1_199' title='bbox 981 2838 1032 2916; x_wconf 91' lang='lat' dir='ltr'>qui</span> <span class='ocrx_word' id='word_1_200' title='bbox 1056 2839 1096 2918; x_wconf 93' lang='lat' dir='ltr'>Sp</span> <span class='ocrx_word' id='word_1_201' title='bbox 1112 2839 1124 2899; x_wconf 94' lang='lat' dir='ltr'>l</span> <span class='ocrx_word' id='word_1_202' title='bbox 1139 2837 1201 2901; x_wconf 78' lang='lat'>204</span> <span class='ocrx_word' id='word_1_203' title='bbox 1215 2860 1302 2919; x_wconf 61' lang='lat' dir='ltr'>asqq.</span> <span class='ocrx_word' id='word_1_204' title='bbox 1326 2841 1424 2902; x_wconf 92' lang='lat' dir='ltr'>omnia</span> <span class='ocrx_word' id='word_1_205' title='bbox 1446 2859 1552 2920; x_wconf 85' lang='lat' dir='ltr'>genera</span> 
     </span>
     <span class='ocr_line' id='line_1_24' title="bbox 385 2940 1551 3020; baseline 0.005 -20"><span class='ocrx_word' id='word_1_206' title='bbox 385 2940 623 3002; x_wconf 90' lang='lat' dir='ltr'>criminationum</span> <span class='ocrx_word' id='word_1_207' title='bbox 645 2940 675 3001; x_wconf 93' lang='lat' dir='ltr'>in</span> <span class='ocrx_word' id='word_1_208' title='bbox 698 2940 831 3020; x_wconf 82' lang='lat' dir='ltr'>Epitoma</span> <span class='ocrx_word' id='word_1_209' title='bbox 854 2950 1024 3002; x_wconf 88' lang='lat' dir='ltr'>enumerata</span> <span class='ocrx_word' id='word_1_210' title='bbox 1047 2943 1180 3005; x_wconf 86' lang='lat' dir='ltr'>tractavit</span> <span class='ocrx_word' id='word_1_211' title='bbox 1202 2952 1232 3003; x_wconf 93' lang='lat' dir='ltr'>et</span> <span class='ocrx_word' id='word_1_212' title='bbox 1245 2945 1306 3005; x_wconf 88' lang='lat' dir='ltr'>lere</span> <span class='ocrx_word' id='word_1_213' title='bbox 1321 2945 1422 3005; x_wconf 88' lang='lat' dir='ltr'>eadem</span> <span class='ocrx_word' id='word_1_214' title='bbox 1438 2946 1474 3007; x_wconf 90' lang='lat' dir='ltr'>de</span> <span class='ocrx_word' id='word_1_215' title='bbox 1489 2945 1551 3007; x_wconf 94' lang='lat' dir='ltr'>sin-</span> 
     </span>
     <span class='ocr_line' id='line_1_25' title="bbox 385 3043 1552 3128; baseline 0.005 -25"><span class='ocrx_word' id='word_1_216' title='bbox 385 3043 458 3122; x_wconf 82' lang='lat' dir='ltr'>gulis</span> <span class='ocrx_word' id='word_1_217' title='bbox 491 3045 656 3106; x_wconf 81' lang='lat' dir='ltr'>refellendis</span> <span class='ocrx_word' id='word_1_218' title='bbox 689 3053 842 3125; x_wconf 87' lang='lat' dir='ltr'>praecepta</span> <span class='ocrx_word' id='word_1_219' title='bbox 875 3044 955 3106; x_wconf 92' lang='lat' dir='ltr'>dedit</span> <span class='ocrx_word' id='word_1_220' title='bbox 987 3047 1037 3106; x_wconf 90' lang='lat' dir='ltr'>sed</span> <span class='ocrx_word' id='word_1_221' title='bbox 1064 3047 1135 3107; x_wconf 90' lang='lat' dir='ltr'>baec</span> <span class='ocrx_word' id='word_1_222' title='bbox 1162 3049 1265 3108; x_wconf 88' lang='lat' dir='ltr'>ceteris</span> <span class='ocrx_word' id='word_1_223' title='bbox 1298 3048 1441 3127; x_wconf 92' lang='lat' dir='ltr'>prooemii</span> <span class='ocrx_word' id='word_1_224' title='bbox 1466 3067 1552 3128; x_wconf 90' lang='lat' dir='ltr'>prae-</span> 
     </span>
     <span class='ocr_line' id='line_1_26' title="bbox 385 3147 1550 3232; baseline 0.003 -23"><span class='ocrx_word' id='word_1_225' title='bbox 385 3149 476 3229; x_wconf 87' lang='lat' dir='ltr'>ceptis</span> <span class='ocrx_word' id='word_1_226' title='bbox 498 3149 631 3222; x_wconf 90' lang='lat' dir='ltr'>inseruit,</span> <span class='ocrx_word' id='word_1_227' title='bbox 667 3149 774 3228; x_wconf 91' lang='lat' dir='ltr'>quibus</span> <span class='ocrx_word' id='word_1_228' title='bbox 807 3147 887 3209; x_wconf 92' lang='lat' dir='ltr'>modi</span> <span class='ocrx_word' id='word_1_229' title='bbox 920 3148 1137 3211; x_wconf 86' lang='lat' dir='ltr'>benevolentiae</span> <span class='ocrx_word' id='word_1_230' title='bbox 1165 3150 1333 3212; x_wconf 86' lang='lat' dir='ltr'>efficiendae</span> <span class='ocrx_word' id='word_1_231' title='bbox 1355 3161 1550 3232; x_wconf 90' lang='lat' dir='ltr'>exponuntur.</span> 
     </span>
     <span class='ocr_line' id='line_1_27' title="bbox 384 3251 1551 3338; baseline 0.004 -26"><span class='ocrx_word' id='word_1_232' title='bbox 384 3252 484 3314; x_wconf 88' lang='lat' dir='ltr'>rhetor</span> <span class='ocrx_word' id='word_1_233' title='bbox 506 3261 614 3324; x_wconf 92' lang='lat' dir='ltr'>autem,</span> <span class='ocrx_word' id='word_1_234' title='bbox 638 3253 686 3314; x_wconf 91' lang='lat' dir='ltr'>cui</span> <span class='ocrx_word' id='word_1_235' title='bbox 701 3252 724 3313; x_wconf 86' lang='lat' dir='ltr'>E</span> <span class='ocrx_word' id='word_1_236' title='bbox 740 3252 913 3328; x_wconf 65' lang='lat' dir='ltr'>§ero-45</span> <span class='ocrx_word' id='word_1_237' title='bbox 937 3254 1094 3327; x_wconf 90' lang='lat' dir='ltr'>debentur,</span> <span class='ocrx_word' id='word_1_238' title='bbox 1118 3251 1390 3338; x_wconf 76' lang='grc' dir='ltr'><strong><em>προκαταλήψεις</em></strong></span> <span class='ocrx_word' id='word_1_239' title='bbox 1412 3255 1551 3317; x_wconf 91' lang='lat' dir='ltr'>orationis</span> 
     </span>
     <span class='ocr_line' id='line_1_28' title="bbox 384 3356 1552 3439; baseline 0.003 -23"><span class='ocrx_word' id='word_1_240' title='bbox 384 3365 482 3434; x_wconf 87' lang='lat' dir='ltr'>partes</span> <span class='ocrx_word' id='word_1_241' title='bbox 504 3375 520 3416; x_wconf 93' lang='lat' dir='ltr'>a</span> <span class='ocrx_word' id='word_1_242' title='bbox 543 3356 701 3436; x_wconf 90' lang='lat' dir='ltr'>prooemiis</span> <span class='ocrx_word' id='word_1_243' title='bbox 717 3367 873 3436; x_wconf 89' lang='lat' dir='ltr'>separatas,</span> <span class='ocrx_word' id='word_1_244' title='bbox 896 3376 971 3437; x_wconf 91' lang='lat' dir='ltr'>quae</span> <span class='ocrx_word' id='word_1_245' title='bbox 992 3357 1022 3419; x_wconf 91' lang='lat' dir='ltr'>in</span> <span class='ocrx_word' id='word_1_246' title='bbox 1039 3357 1101 3418; x_wconf 93' lang='lat' dir='ltr'>suis</span> <span class='ocrx_word' id='word_1_247' title='bbox 1117 3358 1213 3419; x_wconf 91' lang='lat' dir='ltr'>causis</span> <span class='ocrx_word' id='word_1_248' title='bbox 1228 3358 1444 3420; x_wconf 91' lang='lat' dir='ltr'>narrationibus</span> <span class='ocrx_word' id='word_1_249' title='bbox 1467 3377 1552 3439; x_wconf 89' lang='lat' dir='ltr'>prae-</span> 
     </span>
     <span class='ocr_line' id='line_1_29' title="bbox 384 3458 1551 3540; baseline 0.003 -20"><span class='ocrx_word' id='word_1_250' title='bbox 384 3459 602 3534; x_wconf 88' lang='lat' dir='ltr'>mitterentur²,</span> <span class='ocrx_word' id='word_1_251' title='bbox 626 3458 733 3521; x_wconf 84' lang='lat' dir='ltr'>dixisse</span> <span class='ocrx_word' id='word_1_252' title='bbox 755 3461 878 3522; x_wconf 87' lang='lat' dir='ltr'>videtur.</span> <span class='ocrx_word' id='word_1_253' title='bbox 935 3461 1104 3522; x_wconf 89' lang='lat' dir='ltr'>dubitamus</span> <span class='ocrx_word' id='word_1_254' title='bbox 1134 3461 1233 3540; x_wconf 81' lang='lat' dir='ltr'>igitur,</span> <span class='ocrx_word' id='word_1_255' title='bbox 1255 3481 1292 3522; x_wconf 92' lang='lat' dir='ltr'>an</span> <span class='ocrx_word' id='word_1_256' title='bbox 1315 3463 1385 3524; x_wconf 91' lang='lat' dir='ltr'>haec</span> <span class='ocrx_word' id='word_1_257' title='bbox 1407 3463 1551 3524; x_wconf 90' lang='lat' dir='ltr'>sententia</span> 
     </span>
     <span class='ocr_line' id='line_1_30' title="bbox 384 3551 1551 3645; baseline 0.005 -23"><span class='ocrx_word' id='word_1_258' title='bbox 384 3562 414 3622; x_wconf 94' lang='lat' dir='ltr'>in</span> <span class='ocrx_word' id='word_1_259' title='bbox 437 3562 558 3624; x_wconf 88' lang='lat' dir='ltr'>Cornuti</span> <span class='ocrx_word' id='word_1_260' title='bbox 578 3563 647 3624; x_wconf 80' lang='lat' dir='ltr'>Arte</span> <span class='ocrx_word' id='word_1_261' title='bbox 669 3563 755 3643; x_wconf 90' lang='lat' dir='ltr'>plane</span> <span class='ocrx_word' id='word_1_262' title='bbox 778 3574 807 3625; x_wconf 88' lang='lat' dir='ltr'>et</span> <span class='ocrx_word' id='word_1_263' title='bbox 829 3583 965 3644; x_wconf 84' lang='lat' dir='ltr'>expresse</span> <span class='ocrx_word' id='word_1_264' title='bbox 988 3565 1125 3645; x_wconf 91' lang='lat' dir='ltr'>explicata</span> <span class='ocrx_word' id='word_1_265' title='bbox 1142 3564 1189 3626; x_wconf 88' lang='lat' dir='ltr'>sit.</span> <span class='ocrx_word' id='word_1_266' title='bbox 1233 3551 1357 3627; x_wconf 76' lang='lat' dir='ltr'>Cornuti</span> <span class='ocrx_word' id='word_1_267' title='bbox 1371 3565 1450 3628; x_wconf 90' lang='lat' dir='ltr'>enim</span> <span class='ocrx_word' id='word_1_268' title='bbox 1465 3552 1551 3629; x_wconf 81' lang='lat' dir='ltr'>verba</span> 
     </span>
     <span class='ocr_line' id='line_1_31' title="bbox 383 3665 1552 3747; baseline 0.005 -22"><span class='ocrx_word' id='word_1_269' title='bbox 383 3665 414 3725; x_wconf 93' lang='lat' dir='ltr'>in</span> <span class='ocrx_word' id='word_1_270' title='bbox 446 3665 500 3727; x_wconf 87' lang='lat' dir='ltr'>bac</span> <span class='ocrx_word' id='word_1_271' title='bbox 527 3665 677 3746; x_wconf 86' lang='lat' dir='ltr'>Epitomes</span> <span class='ocrx_word' id='word_1_272' title='bbox 708 3677 790 3747; x_wconf 91' lang='lat' dir='ltr'>parte</span> <span class='ocrx_word' id='word_1_273' title='bbox 817 3667 986 3729; x_wconf 77' lang='lat' dir='ltr'>foedissime</span> <span class='ocrx_word' id='word_1_274' title='bbox 1013 3677 1139 3730; x_wconf 89' lang='lat' dir='ltr'>coartata</span> <span class='ocrx_word' id='word_1_275' title='bbox 1167 3677 1196 3728; x_wconf 89' lang='lat' dir='ltr'>et</span> <span class='ocrx_word' id='word_1_276' title='bbox 1223 3671 1343 3731; x_wconf 81' lang='lat' dir='ltr'>confusa</span> <span class='ocrx_word' id='word_1_277' title='bbox 1372 3689 1437 3731; x_wconf 90' lang='lat' dir='ltr'>esse</span> <span class='ocrx_word' id='word_1_278' title='bbox 1459 3669 1552 3731; x_wconf 88' lang='lat' dir='ltr'>obiter</span> 
     </span>
     <span class='ocr_line' id='line_1_32' title="bbox 384 3768 703 3850; baseline 0.009 -22"><span class='ocrx_word' id='word_1_279' title='bbox 384 3768 552 3849; x_wconf 89' lang='lat' dir='ltr'>inspicienti</span> <span class='ocrx_word' id='word_1_280' title='bbox 573 3771 703 3850; x_wconf 91' lang='lat' dir='ltr'>adparet.</span> 
     </span>
    </p>

    <p class='ocr_par' dir='ltr' id='par_1_6' title="bbox 385 3872 1552 4160">
     <span class='ocr_line' id='line_1_33' title="bbox 468 3872 1550 3954; baseline 0.003 -21"><span class='ocrx_word' id='word_1_281' title='bbox 468 3872 648 3935; x_wconf 90' lang='lat' dir='ltr'>Narrationis</span> <span class='ocrx_word' id='word_1_282' title='bbox 681 3875 785 3936; x_wconf 90' lang='lat' dir='ltr'>finium</span> <span class='ocrx_word' id='word_1_283' title='bbox 818 3877 1009 3947; x_wconf 87' lang='lat' dir='ltr'>enumeratio,</span> <span class='ocrx_word' id='word_1_284' title='bbox 1042 3893 1131 3954; x_wconf 92' lang='lat' dir='ltr'>quam</span> <span class='ocrx_word' id='word_1_285' title='bbox 1158 3874 1182 3935; x_wconf 86' lang='lat' dir='ltr'>E</span> <span class='ocrx_word' id='word_1_286' title='bbox 1211 3878 1247 3950; x_wconf 64' lang='grc' dir='ltr'>ἐς</span> <span class='ocrx_word' id='word_1_287' title='bbox 1267 3876 1389 3938; x_wconf 84' lang='grc'>46-51</span> <span class='ocrx_word' id='word_1_288' title='bbox 1425 3875 1550 3954; x_wconf 91' lang='lat' dir='ltr'>exbibet,</span> 
     </span>
     <span class='ocr_line' id='line_1_34' title="bbox 385 3976 1552 4058; baseline 0.002 -22"><span class='ocrx_word' id='word_1_289' title='bbox 385 3976 478 4037; x_wconf 91' lang='lat' dir='ltr'>multo</span> <span class='ocrx_word' id='word_1_290' title='bbox 511 3977 627 4056; x_wconf 91' lang='lat' dir='ltr'>plenior</span> <span class='ocrx_word' id='word_1_291' title='bbox 658 3987 704 4039; x_wconf 87' lang='lat' dir='ltr'>ast</span> <span class='ocrx_word' id='word_1_292' title='bbox 737 3978 788 4052; x_wconf 91' lang='lat' dir='ltr'>eis,</span> <span class='ocrx_word' id='word_1_293' title='bbox 821 3997 896 4058; x_wconf 89' lang='lat' dir='ltr'>quae</span> <span class='ocrx_word' id='word_1_294' title='bbox 919 3979 948 4039; x_wconf 91' lang='lat' dir='ltr'>in</span> <span class='ocrx_word' id='word_1_295' title='bbox 971 3978 1113 4056; x_wconf 87' lang='lat' dir='ltr'>excerptis</span> <span class='ocrx_word' id='word_1_296' title='bbox 1136 3987 1299 4040; x_wconf 87' lang='lat' dir='ltr'>ceterorum</span> <span class='ocrx_word' id='word_1_297' title='bbox 1327 3979 1362 4040; x_wconf 91' lang='lat' dir='ltr'>de</span> <span class='ocrx_word' id='word_1_298' title='bbox 1384 3978 1552 4040; x_wconf 88' lang='lat' dir='ltr'>inventione</span> 
     </span>
     <span class='ocr_line' id='line_1_35' title="bbox 385 4081 1552 4160; baseline 0.001 -19"><span class='ocrx_word' id='word_1_299' title='bbox 385 4089 532 4142; x_wconf 93' lang='lat' dir='ltr'>tomorum</span> <span class='ocrx_word' id='word_1_300' title='bbox 556 4081 754 4156; x_wconf 87' lang='lat' dir='ltr'>inveniuntur,</span> <span class='ocrx_word' id='word_1_301' title='bbox 774 4091 872 4144; x_wconf 91' lang='lat' dir='ltr'>tamen</span> <span class='ocrx_word' id='word_1_302' title='bbox 888 4101 926 4142; x_wconf 90' lang='lat' dir='ltr'>ne</span> <span class='ocrx_word' id='word_1_303' title='bbox 941 4081 1016 4142; x_wconf 90' lang='lat' dir='ltr'>banc</span> <span class='ocrx_word' id='word_1_304' title='bbox 1031 4081 1149 4160; x_wconf 90' lang='lat' dir='ltr'>quidem</span> <span class='ocrx_word' id='word_1_305' title='bbox 1165 4081 1304 4143; x_wconf 88' lang='lat' dir='ltr'>intactam</span> <span class='ocrx_word' id='word_1_306' title='bbox 1320 4100 1385 4143; x_wconf 89' lang='lat' dir='ltr'>esse</span> <span class='ocrx_word' id='word_1_307' title='bbox 1399 4081 1552 4160; x_wconf 84' lang='lat' dir='ltr'>cognosci-</span> 
     </span>
    </p>
   </div>
   <div class='ocr_carea' id='block_1_5' title="bbox 385 4303 1550 4441">
    <p class='ocr_par' dir='ltr' id='par_1_7' title="bbox 385 4303 1550 4441">
     <span class='ocr_line' id='line_1_36' title="bbox 453 4303 1550 4371; baseline 0 -18"><span class='ocrx_word' id='word_1_308' title='bbox 453 4304 461 4336; x_wconf 87' lang='lat'>¹</span> <span class='ocrx_word' id='word_1_309' title='bbox 482 4303 619 4370; x_wconf 84' lang='lat' dir='ltr'>Propterea</span> <span class='ocrx_word' id='word_1_310' title='bbox 646 4313 840 4356; x_wconf 85' lang='lat' dir='ltr'>consentaneum</span> <span class='ocrx_word' id='word_1_311' title='bbox 868 4312 924 4356; x_wconf 87' lang='lat' dir='ltr'>orat</span> <span class='ocrx_word' id='word_1_312' title='bbox 950 4306 980 4354; x_wconf 91' lang='lat' dir='ltr'>de</span> <span class='ocrx_word' id='word_1_313' title='bbox 1006 4304 1046 4354; x_wconf 88' lang='lat' dir='ltr'>bis</span> <span class='ocrx_word' id='word_1_314' title='bbox 1073 4304 1260 4369; x_wconf 86' lang='lat' dir='ltr'>repulsionibus</span> <span class='ocrx_word' id='word_1_315' title='bbox 1286 4307 1337 4370; x_wconf 75' lang='lat' dir='ltr'>agi,</span> <span class='ocrx_word' id='word_1_316' title='bbox 1365 4313 1497 4371; x_wconf 84' lang='lat' dir='ltr'>antequam</span> <span class='ocrx_word' id='word_1_317' title='bbox 1521 4305 1550 4354; x_wconf 87' lang='lat' dir='ltr'>de</span> 
     </span>
     <span class='ocr_line' id='line_1_37' title="bbox 385 4372 1180 4441; baseline 0.001 -20"><span class='ocrx_word' id='word_1_318' title='bbox 385 4372 533 4423; x_wconf 80' lang='lat' dir='ltr'>narratione</span> <span class='ocrx_word' id='word_1_319' title='bbox 551 4373 606 4441; x_wconf 91' lang='lat' dir='ltr'>ipsa</span> <span class='ocrx_word' id='word_1_320' title='bbox 625 4381 745 4437; x_wconf 69' lang='lat' dir='ltr'>ageretur</span> <span class='ocrx_word' id='word_1_321' title='bbox 763 4381 790 4424; x_wconf 86' lang='lat' dir='ltr'>et</span> <span class='ocrx_word' id='word_1_322' title='bbox 808 4375 863 4424; x_wconf 88' lang='lat' dir='ltr'>eius</span> <span class='ocrx_word' id='word_1_323' title='bbox 881 4374 944 4424; x_wconf 85' lang='lat' dir='ltr'>fines</span> <span class='ocrx_word' id='word_1_324' title='bbox 963 4379 1180 4424; x_wconf 80' lang='lat' dir='ltr'>enumerarentur.</span> 
     </span>
    </p>
   </div>
   <div class='ocr_carea' id='block_1_6' title="bbox 0 0 1800 5252">
    <p class='ocr_par' dir='ltr' id='par_1_8' title="bbox 0 0 1800 5252">
     <span class='ocr_line' id='line_1_38' title="bbox 0 0 1800 5252; baseline 0 0"><span class='ocrx_word' id='word_1_325' title='bbox 0 0 1800 5252; x_wconf 95' lang='lat' dir='ltr'> </span> 
     </span>
    </p>
   </div>
  </div>
 </body>
</html>
