3590 5262
692 407 945 472 -XXI-

237 587 255 646 7
271 618 297 657 1⁸
316 585 385 648 solis
400 585 554 648 restituere
570 585 731 666 temptavit,
747 589 797 649 sed
813 586 913 647 eadem
929 605 944 647 a
960 585 1123 668 lloropatro
1138 589 1175 648 W
1189 589 1215 649 Π
1233 587 1292 648 123
1307 608 1394 669 seqq.

236 689 388 770 compilata
412 697 465 762 est,
488 688 538 749 ubi
559 683 883 762 w111232a12421
905 689 953 750 alii
974 689 1048 751 lines
1074 687 1169 773 ἔργον
1197 692 1340 771 prooemii
1367 702 1396 754 et

236 792 339 872 epilogi
354 799 454 852 extant
468 801 554 872 atque
568 792 606 851 W
620 790 671 851 117
686 819 754 862 1,1⁶.
788 790 924 854 Nicolaus
946 811 1014 872 ergo
1036 811 1096 853 non
1115 795 1203 856 modo
1225 795 1299 856 duos
1321 795 1396 858 lines

207 879 212 886 ¹
235 894 410 957 narrationis
424 894 461 954 W
475 895 523 965 11,
535 922 578 948 =
590 895 631 975 Sp
646 894 685 954 lll
701 894 762 955 450
778 926 803 964 23
817 895 957 956 adtulisse
973 896 1023 956 sed
1039 896 1126 957 etiam
1144 894 1238 979 ἔργον
1253 899 1397 978 prooemii

236 1007 266 1060 et
294 998 397 1078 epilogi
426 997 535 1078 duplici
565 998 650 1059 modo
672 997 836 1059 definivisse
858 997 982 1059 videtur.
1027 999 1162 1060 undecim
1186 999 1299 1074 linium,
1322 1021 1396 1081 qnos

236 1101 345 1164 Nicolai
365 1101 634 1182 Progymnasmatis
656 1100 853 1181 adsignamns,
875 1108 1016 1180 quattuor
1037 1101 1067 1162 in
1087 1102 1221 1182 Epitoma
1243 1104 1396 1183 reperiun-

236 1206 303 1267 turl
324 1214 354 1266 et
375 1205 452 1266 inter
473 1224 523 1266 eos
545 1203 675 1266 Platonis
696 1204 763 1266 finis
786 1203 891 1284 epilogi
913 1200 1017 1282 ἔργον,
1040 1224 1055 1265 a
1078 1225 1136 1285 quo
1159 1215 1188 1267 et
1209 1207 1284 1287 apud
1306 1207 1396 1269 Nico-

235 1309 314 1370 laum
336 1309 375 1387 Sp
390 1308 417 1368 Π
432 1308 491 1368 451
515 1315 546 1368 et
566 1307 687 1378 134112
712 1306 889 1388 praepositio
918 1305 997 1386 περὶ
1023 1325 1039 1368 a
1066 1307 1187 1370 Platone
1213 1309 1309 1370 verbis
1335 1309 1397 1372 τῶν

236 1412 415 1495 εἰρημένων
437 1410 563 1491 praelixa
585 1409 676 1471 abest.
735 1411 870 1490 quintum
893 1427 930 1470 ex
944 1409 1054 1471 Nicolai
1074 1411 1183 1474 finibus
1197 1414 1236 1493 Sp
1251 1413 1396 1483 11145024

234 1515 292 1576 iam
320 1515 350 1575 in
380 1513 436 1575 alio
465 1521 603 1593 excerpto
624 1512 703 1574 Artis
725 1513 890 1575 deteximus
912 1512 949 1572 W
963 1513 1013 1574 Vll
1029 1514 1090 1576 729
1105 1543 1140 1586 27.
1185 1517 1282 1595 itaque
1308 1517 1395 1577 etiam

235 1627 398 1680 ceterorum
423 1635 474 1677 ser
496 1616 599 1676 linium
622 1625 771 1695 quattuor,
793 1636 867 1697 quos
890 1617 963 1678 benc
986 1617 1020 1678 ad
1037 1620 1137 1680 Artem
1158 1619 1300 1698 quadrare
1316 1618 1397 1679 vidc-

234 1721 342 1794 bimus,
364 1721 432 1782 inde
454 1720 483 1780 in
506 1719 766 1800 Progymnasmata
788 1723 907 1784 duxisse
930 1722 989 1784 veri
1013 1722 1108 1784 simile
1131 1729 1184 1782 est.
1223 1721 1301 1782 solos
1322 1721 1397 1782 lines

235 1819 440 1896 ἀντιθέσεως
461 1831 492 1884 ct
512 1817 642 1894 λύσεως,
665 1823 773 1903 quibus
795 1825 825 1885 in
847 1826 927 1899 llrte,
953 1845 1028 1904 qnae
1054 1821 1229 1887 ἀντίθεσιν
1250 1833 1281 1885 et
1302 1821 1398 1887 λύσιν

235 1946 294 1989 non
316 1928 347 1988 in
369 1935 466 2007 partes
489 1925 630 1986 orationis
652 1926 804 1998 referebat,
830 1927 913 1989 locus
941 1947 1000 1989 non
1030 1939 1101 2000 crat,
1123 1927 1258 1989 Nicolaus
1280 1927 1396 1988 aliunde

237 2031 376 2110 repetisse
399 2028 560 2090 sumendus
582 2036 636 2089 est.

675 2202 722 2262 lV.
756 2203 955 2264 Geometra.

322 2304 473 2376 Omnium,
495 2305 547 2383 qui
568 2305 647 2367 Artis
668 2314 803 2385 excerpta
825 2305 973 2383 exhibent,
995 2323 1152 2385 supremus
1168 2305 1321 2367 Geometra
1343 2315 1397 2377 est,

237 2409 321 2471 cuius
348 2403 498 2489 ἐξήγησις
519 2407 567 2480 εἰς
587 2407 628 2470 τὰ
650 2402 936 2490 προγνμνάσμανα
956 2409 1015 2471 τοῦ
1038 2403 1242 2490 'Arpdooiou²
1264 2428 1279 2469 a
1303 2408 1398 2470 Dono·
1472 2414 1477 2422 '

234 2522 319 2594 patro
347 2530 414 2573 cum
442 2510 512 2571 alias
542 2519 604 2572 tum
634 2510 686 2573 ubi
714 2511 749 2571 de
772 2511 929 2573 virtutibus
956 2511 1131 2574 narrationis
1153 2511 1292 2588 agebatur
1314 2529 1398 2572 com-

235 2617 323 2697 pilata
351 2623 405 2676 est.
449 2613 505 2674 etsi
531 2614 621 2675 buius
648 2613 896 2693 interpretationis
923 2624 1025 2677 auctor
1050 2633 1066 2676 a
1089 2612 1254 2693 lloxopatro
1278 2614 1398 2675 nomine

236 2720 407 2781 Geometras
429 2717 491 2778 solo
513 2716 682 2797 appellatur,
708 2737 767 2779 non
791 2718 922 2780 diversus
937 2737 1002 2780 esse
1017 2718 1131 2780 videtur
1145 2717 1182 2778 ab
1196 2716 1307 2778 Joanne
1323 2717 1399 2778 Geo-

236 2831 338 2893 metra,
361 2837 448 2900 quem
472 2819 569 2879 studia
590 2819 735 2882 rhetorica
757 2821 834 2882 baud
856 2831 1044 2901 aspernatum
1067 2840 1133 2882 esse
1154 2827 1277 2881 constat.
1321 2821 1399 2882 inter

237 2926 328 2986 multa
351 2923 428 2985 enim
452 2940 549 3002 opera,
571 2940 645 3001 quae
667 2923 723 2984 snb
745 2923 807 2984 eius
830 2923 949 2985 nomine
972 2926 1115 2992 seruntur,
1138 2923 1287 3002 complura
1309 2942 1397 2984 enco-

238 3029 295 3089 mia
311 3037 341 3088 et
355 3026 508 3106 eophrases
523 3025 621 3086 sunt⁸.
650 3037 729 3087 aetas
744 3026 873 3088 bominis
888 3027 995 3106 sylloga
1011 3027 1173 3089 carminum
1186 3025 1332 3086 variorum
1348 3045 1398 3087 co-

239 3131 311 3192 dicis
322 3129 387 3190 Par.
399 3129 495 3208 suppl.
508 3126 570 3188 352
582 3128 729 3189 definitur.
748 3128 832 3190 cuius
844 3129 873 3189 in
886 3141 999 3210 partem
1013 3130 1179 3191 inferiorem
1191 3129 1399 3208 epigrammata

238 3233 421 3293 diversorum
437 3239 600 3302 auctorum,
616 3249 743 3309 qnorum
759 3232 877 3293 nomina
893 3242 1035 3306 tacentur,
1050 3234 1160 3294 inserto
1176 3231 1275 3292 odario
1289 3231 1398 3292 erotico

238 3344 374 3415 congesta
401 3342 484 3407 sunt,
511 3333 609 3414 priore
637 3342 719 3414 parte
746 3343 881 3414 poemata
909 3336 1071 3398 Christiana
1101 3334 1299 3406 continentur,
1322 3353 1396 3412 quae

238 3438 406 3511 Gramerus,
436 3436 550 3517 primus
577 3438 700 3518 sylloges
726 3435 847 3511 editor4,
873 3438 941 3517 quia
968 3438 999 3499 in
1026 3457 1127 3500 eorum
1149 3438 1234 3500 initio
1257 3446 1398 3517 quattuor

238 3541 339 3622 hymni
360 3550 390 3602 et
411 3540 466 3601 sub
487 3540 576 3601 tinem
599 3558 705 3601 novem
728 3540 914 3602 canticorum
938 3541 1137 3622 metaphrases
1159 3548 1302 3611 extarent,
1323 3559 1398 3618 quae

237 3644 300 3706 aliis
322 3643 497 3723 quibusdam
521 3642 604 3703 codd.
616 3643 722 3704 Joanni
744 3644 916 3705 Geometrae
937 3644 1180 3712 adscriberentur,
1204 3651 1307 3703 cuncta
1330 3643 1398 3703 buic

237 3755 339 3828 poetae
361 3744 525 3807 vindicavit.
580 3747 710 3809 Crameri
739 3745 922 3807 coniecturae
943 3747 1020 3807 vires
1042 3754 1231 3807 accreverunt
1251 3764 1296 3818 eo,
1319 3745 1396 3824 quod

306 3932 907 4000 ¹Spllldbbao=ll5934bbsa=5483
926 3931 1160 3996 lbdaa=51983
1179 3930 1398 3995 451e=520a

305 4000 381 4052 2Ηίσ
403 4003 495 4052 titulus
514 4001 663 4052 Geometras
687 4002 771 4067 operis
794 4002 872 4051 semel
890 4002 915 4050 in
935 4001 1075 4066 Doropatri
1093 4000 1208 4050 llomiliis
1227 3998 1261 4049 W
1273 3998 1293 4049 ll
1313 3999 1360 4049 104
1374 4015 1399 4053 ra

237 4069 543 4188 ¹⁶¹⁰l⁰lcttl„:l⁰¹’l:
562 4069 974 4189 l.l⁰¹t'ttll⁰'lt‘⁰litlt
991 4067 1121 4187 lllll
1139 4068 1397 4186 “tulllius

239 4206 319 4256 eatae
343 4206 413 4257 codd.
437 4205 479 4257 Gr.
503 4206 602 4258 Matre't.
625 4222 648 4271 p.
666 4206 723 4256 301.
758 4175 860 4257 eandem
884 4205 1032 4269 orationem,
1054 4153 1190 4254 encomiirm
1215 4219 1331 4269 quercus,
1355 4220 1397 4254 oc·

239 4275 347 4355 phrasin.
366 4276 435 4324 horti
461 4275 572 4355 aliasque
599 4275 655 4324 eius
681 4275 748 4325 modi
775 4275 906 4356 orationes
932 4274 1018 4325 codice
1045 4275 1146 4324 Baroce.
1168 4271 1243 4324 XXV
1271 4273 1397 4322 contineri

238 4342 645 4463 “munducauda
661 4340 884 4477 ccciccc
902 4359 925 4408 ¹¹·
938 4343 961 4392 ³·
