3590 5262
796 405 840 418 -
885 369 1024 436 XXVIH
1069 405 1110 416 -

372 561 463 613 nutus
487 557 690 622 enumeratur,
713 567 800 628 quem
824 547 1010 609 hermannus
1033 547 1168 628 Sauppe1
1198 556 1228 609 et
1254 547 1324 609 Otto
1349 547 1452 622 Jahnl,
1483 548 1537 610 viri

371 672 487 716 summe
509 653 675 725 venerandi,
699 651 730 712 L.
752 653 904 712 Annaeum
929 651 1106 724 Cornutum,
1127 649 1222 711 Persii
1255 649 1438 730 magistrum,
1472 670 1536 713 esse

370 756 621 818 existimaverunt.
666 755 713 816 cui
735 755 821 816 verba
845 753 967 816 Gomuti
989 753 1148 815 aLachare
1170 753 1263 816 adlata
1285 753 1449 833 abroganda
1472 774 1537 816 csse

369 859 441 940 ipsis
473 858 571 920 verbis
593 857 629 916 W
644 857 694 918 Wl
710 857 769 919 931
785 877 873 938 ssqq.
908 859 1107 918 confirmatur.
1163 860 1325 921 Cornutum
1359 857 1452 932 euim,
1486 859 1537 937 qui

368 963 440 1023 haee
463 961 588 1042 scripsit,
611 960 733 1022 Lolliani
755 960 954 1022 definitionem
970 961 1094 1022 membri
1111 963 1226 1024 novisse
1248 981 1371 1041 eamque
1393 961 1536 1040 corrigere

369 1065 518 1127 studuisse
551 1063 762 1143 cognosciturl.
817 1065 913 1144 itaque
947 1064 1072 1127 Lachare
1106 1073 1180 1127 teste
1216 1075 1331 1146 praeter
1363 1064 1536 1140 Comutum,

368 1166 462 1229 Persii
484 1168 666 1246 magistrum,
690 1167 819 1229 eiusdem
842 1167 972 1229 nominis
994 1169 1142 1230 rhetorem
1159 1168 1281 1230 Basilice
1296 1169 1464 1230 inferiorem
1486 1169 1536 1230 sed

370 1270 431 1332 eius
455 1270 596 1350 discipulo
619 1268 799 1350 superiorem
822 1270 914 1331 fuisse
936 1271 1115 1332 credendum
1139 1271 1210 1333 estt

456 1373 565 1435 Omnes
593 1373 659 1446 loci,
686 1372 792 1453 quihus
823 1373 879 1434 suh
906 1372 1026 1436 Cornuti
1053 1374 1174 1436 nomine
1200 1374 1344 1436 rhetorica
1371 1375 1535 1447 traduntur,

369 1495 450 1538 nunc
476 1476 561 1537 nobis
589 1476 786 1555 perlustrandi
814 1483 893 1549 sunt,
914 1485 948 1537 ut
978 1476 1189 1553 discernamus,
1218 1497 1291 1557 quae
1313 1478 1348 1540 ad
1372 1478 1534 1540 Cornutum

369 1577 540 1648 redivivum,
564 1598 637 1658 quae
661 1578 695 1639 ad
723 1577 755 1639 L.
779 1581 929 1641 Annaeum
959 1579 1134 1660 pertineant.
1178 1600 1265 1660 quem
1295 1582 1393 1661 ipsum
1420 1600 1536 1660 quoque

370 1682 513 1743 rhetorica
530 1701 617 1762 opera
633 1681 797 1743 condidisse
813 1682 932 1744 scimus.
976 1701 1045 1743 nam
1068 1703 1134 1745 cum
1152 1685 1271 1746 aSuida
1286 1681 1411 1766 ἔγραψε
1429 1679 1538 1746 πολλὰ

370 1779 542 1868 φιλόσοφοί
564 1808 599 1846 τε
624 1782 680 1846 καὶ
703 1778 858 1869 ῥητορικά
882 1784 997 1859 dicitur,
1020 1795 1083 1848 tum
1106 1787 1173 1849 libri
1194 1788 1231 1848 de
1253 1787 1353 1867 figuris
1376 1787 1536 1848 sententia-

370 1907 435 1948 rum
459 1886 522 1949 eius
546 1907 561 1948 a
585 1889 675 1950 Gellio
698 1888 872 1950 laudantur⁵
896 1896 925 1949 et
948 1888 1040 1950 eidem
1065 1899 1098 1951 ut
1119 1891 1235 1952 videtur
1255 1909 1271 1950 a
1290 1889 1364 1951 lulio
1379 1889 1535 1952 Rufiniano

369 1991 398 2051 in
422 1991 496 2052 libro
524 1991 558 2052 de
581 1991 779 2052 schematibus
801 1991 937 2053 dianoeas
964 1992 1191 2072 respiciunturl.
1234 2000 1383 2074 praeterea
1413 1992 1536 2055 Cornuti

369 2090 480 2172 τέχναι
503 2091 671 2179 ῥητορικαὶ
694 2093 890 2174 aPorphyrio
914 2095 1033 2157 citatael
1051 2097 1083 2158 L.
1099 2098 1218 2158 Annaeo
1240 2096 1433 2176 adsignandae
1456 2104 1534 2171 sunt,

370 2196 506 2277 quoniam
524 2195 696 2270 Cornutum,
720 2197 803 2262 cuius
826 2197 935 2259 librum
958 2197 1042 2281 πρὸς
1058 2195 1292 2284 Ἀθηνόδωρον
1314 2197 1369 2259 καὶ
1387 2195 1535 2282 Ἀριστο-

369 2297 443 2382 τέλη
475 2295 657 2383 ἀντιγραφή
687 2301 862 2380 inscriptum
887 2301 1066 2382 Porphyrius
1097 2302 1212 2382 saepius
1239 2311 1268 2364 et
1294 2303 1313 2363 l.
1337 2321 1361 2363 c.
1383 2302 1448 2382 ipso
1478 2321 1534 2364 una

370 2422 436 2464 cum
466 2390 578 2464 artibus
607 2404 759 2465 rhetoricis
785 2404 892 2478 laudat,
922 2405 1126 2484 philosophum
1151 2406 1282 2467 Stoicum
1308 2405 1399 2467 fuisse
1421 2413 1533 2467 certum

372 2515 424 2566 est.
476 2505 510 2566 ad
538 2508 652 2568 easdem
681 2516 757 2568 artes
785 2507 871 2568 etiam
896 2507 1018 2569 Cornuti
1043 2507 1204 2568 rhetorices
1225 2507 1256 2568 in
1278 2517 1372 2570 certas
1393 2510 1533 2588 quasdam

371 2608 482 2688 species
519 2608 704 2684 divisionem,
746 2629 833 2689 quam
874 2610 1009 2672 Nicolaus
1050 2611 1081 2671 in
1121 2609 1388 2692 Progymnasmatis
1426 2613 1467 2693 Sp
1495 2612 1535 2673 lll

372 2711 432 2773 483
448 2744 474 2784 25
490 2739 534 2765 =
548 2711 585 2771 W
603 2713 629 2774 ll
655 2712 714 2774 631
732 2744 745 2784 μ
774 2721 992 2788 commemorat,
1023 2715 1207 2776 referendam
1235 2734 1299 2776 esse
1325 2715 1533 2795 putaverimus.

371 2834 439 2876 nam
460 2815 570 2877 Nicolai
592 2835 627 2876 ex
648 2815 745 2876 verbis
767 2813 808 2877 τὰ
828 2815 922 2897 παρὰ
943 2816 990 2898 τῷ
1004 2813 1197 2899 Κοορνούτῳ
1221 2818 1287 2897 (sic)
1310 2812 1535 2900 ὀνομαζόμενα

372 2918 428 2978 καὶ
445 2919 625 3000 Πορφορλιμ
641 2917 803 2997 colligimus
818 2919 969 2982 Nicolaum
986 2919 1108 2994 Cornuti
1123 2920 1294 2982 divisionem
1310 2922 1386 3000 apud
1402 2920 1535 3001 Porphy-

371 3023 449 3082 rium
472 3021 585 3100 legisse.

439 3295 447 3326 ¹
467 3296 548 3360 Epist.
568 3296 624 3344 crit.
642 3294 737 3359 p155.

439 3361 449 3395 2
467 3362 566 3424 Proleg.
585 3364 614 3410 in
631 3362 748 3412 Persium
766 3378 788 3428 p.
801 3359 870 3414 XIV.

438 3430 449 3463 ³
468 3432 500 3480 W
514 3429 559 3483 Vll
578 3429 778 3482 89017-89110
796 3430 903 3481 Cornuti
921 3430 1082 3481 definitiones
1100 3431 1230 3482 commatis
1250 3438 1276 3480 et
1294 3431 1399 3482 mambri
1417 3447 1472 3481 cnm
1491 3433 1534 3482 de-

370 3499 485 3549 finitione
503 3500 603 3565 periodi
621 3497 770 3549 coniunctae
787 3504 853 3547 sunt.
883 3498 925 3548 uhi
938 3500 1002 3548 idem
1015 3501 1085 3550 locus
1099 3500 1167 3550 Dom.
1180 3501 1224 3560 (20
1237 3498 1253 3564 ξ
1267 3503 1300 3562 1),
1319 3515 1390 3567 quem
1403 3498 1534 3550 Lollianus

373 3567 404 3616 W
419 3566 463 3617 Vll
482 3567 530 3617 930
544 3583 570 3620 so
588 3566 729 3616 definitioni
751 3567 856 3617 membri
879 3567 992 3633 adponit,
1014 3574 1043 3617 ut
1065 3568 1164 3632 periodi
1183 3568 1321 3633 exemplum
1340 3568 1465 3618 laudatur.
1502 3567 1534 3618 cf.

371 3637 480 3686 demetr.
498 3635 527 3685 de
545 3637 577 3684 el.
595 3635 636 3700 Sp.
649 3633 681 3684 Ill
693 3635 743 3686 262
755 3650 788 3688 ao.
826 3643 936 3686 ceterum
955 3636 1054 3686 scribas
1071 3637 1097 3685 in
1118 3636 1223 3687 Cornuti
1241 3635 1428 3686 definitionibus
1443 3637 1477 3686 W
1489 3636 1535 3686 Vll

371 3703 416 3756 931
434 3719 446 3755 4
460 3700 534 3769 (τὴν)
551 3701 597 3754 ἐπὶ
613 3704 718 3773 μέρους,
735 3719 747 3756 s
753 3704 868 3788 μέρους,
886 3719 912 3756 1s
926 3702 982 3768 <ἒν>
996 3694 1054 3766 olo,
1075 3705 1123 3756 891
1138 3721 1150 3756 1
1163 3702 1192 3762 ἐξ
1203 3695 1345 3770 ὀνομάτων
1358 3701 1424 3769 <doio
1436 3699 1453 3769 ἢ
1464 3704 1534 3769 καὶ),

370 3788 383 3825 a
405 3768 480 3823 (ἀντὶ
506 3771 617 3823 πολλῶν
640 3767 715 3837 (dv),
742 3789 763 3822 ω
792 3766 914 3843 (ἄνδρες)
941 3768 1108 3838 Ἀθηναῖοιι·
1142 3764 1243 3841 μέτρον
1269 3771 1297 3825 dl
1320 3769 1401 3823 αὐτοῦ
1423 3764 1534 3836 (κώλου)

370 3836 474 3890 δώδεκα
493 3840 630 3904 συλλαβαί,
647 3839 802 3893 scelerosis.

437 3908 449 3941 ⁴
465 3907 559 3958 Nomen
579 3908 685 3959 Cornuti
703 3909 767 3958 hand
787 3924 880 3976 pancos
898 3909 1010 3958 homines
1030 3906 1142 3958 Graecos
1159 3908 1252 3958 tulisse
1271 3909 1368 3975 lapides
1386 3910 1532 3959 testimonio

370 3983 429 4026 sunt
441 3974 494 4027 ClG
514 3976 588 4036 2052,
608 3977 681 4042 3671,
701 3975 790 4038 33601,
808 3978 832 4038 1,
851 3976 927 4042 5983,
940 3976 1014 4040 6566,
1033 3977 1106 4034 6333,
1120 3975 1173 4027 Clh
1185 3975 1217 4026 ΙΠ
1237 3977 1314 4040 teth,
1329 3977 1402 4039 1356,
1421 3977 1534 4027 Lancko-
1570 4005 1573 4016 ·

370 4046 458 4105 ronski
477 4044 566 4096 Ste'idte
576 4043 756 4111 Pamphyliens
773 4045 827 4096 tend
842 4043 972 4095 Pisidiam
983 4043 1001 4106 l,
1020 4043 1082 4095 lnsc.
1097 4045 1138 4110 32,
1157 4045 1197 4095 35.
1233 4047 1298 4111 lapis
1317 4045 1371 4096 Clh
1391 4045 1464 4109 1356,
1491 4044 1533 4111 qui

370 4114 474 4164 secundi
501 4114 596 4163 saeculi
622 4127 677 4163 esse
699 4114 800 4178 dicitur,
828 4113 966 4178 inscriptus
992 4119 1031 4162 est
1057 4113 1192 4164 memoriae
1220 4111 1327 4163 Cornuti
1353 4114 1534 4178 adolescentis,

370 4180 476 4232 Prusiae
497 4182 558 4245 nati,
577 4181 619 4246 qui
638 4182 745 4232 Athenis
762 4183 854 4232 studiis
872 4180 1011 4232 rhetoricis
1029 4196 1057 4231 se
1075 4182 1187 4232 dederat.

438 4247 537 4300 ὖΝοοί.
557 4251 611 4298 Att.
623 4248 660 4299 IX
680 4248 718 4300 10.

440 4318 450 4351 ⁸
467 4318 539 4369 libet.
557 4315 614 4367 nat.
632 4318 695 4366 min.
714 4319 752 4368 ed.
771 4318 843 4367 Halm
857 4316 888 4367 60
898 4332 931 4368 11.

439 4386 564 4453 'depos
583 4387 609 4434 in
627 4387 737 4435 Aristot.
757 4385 841 4451 Cntog.
860 4385 898 4435 ed.
917 4387 993 4436 busse
1011 4401 1035 4451 p.
1048 4385 1088 4435 86.
