3590 5262
834 431 874 440 -—
923 393 1024 458 LXVI
1069 431 1112 440 -—

475 572 573 648 §235
601 569 726 651 denique
755 571 945 651 praecipitur,
978 579 1011 631 ut
1039 570 1266 632 accusantes'et
1294 571 1422 633 accusati
1443 571 1553 634 iudices

390 677 503 740 diverse
525 682 670 736 moveant.
708 674 765 736 hoc
785 674 876 754 igitur
898 683 1097 755 praeceptum,
1120 675 1204 736 cuius
1226 683 1329 735 auctor
1351 675 1473 756 reperiri
1494 695 1553 737 non

390 789 500 865 potest,
534 779 570 840 ad
603 778 803 839 oeconomiam
836 778 1003 840 adfectuum
1031 776 1136 839 attinet
1163 786 1197 839 ut
1223 787 1411 859 praeceptum
1440 776 1475 839 de
1502 778 1554 839 ad-

390 889 521 948 fectuum
555 881 743 943 collocatione
776 881 876 944 datum
906 885 935 957 (§
955 881 1045 958 239),
1079 880 1158 960 quod
1184 881 1283 943 Neocli
1313 880 1553 963 adscripsimus¹,

392 989 459 1068 quia
481 987 511 1048 id
534 985 628 1047 eidem
652 985 764 1047 auctori
787 985 886 1047 deberi
908 993 995 1066 atque
1017 984 1104 1046 verba
1127 983 1351 1065 E3019patet.
1385 985 1415 1046 in
1431 986 1554 1047 Cornuti

390 1099 488 1154 autem
516 1090 584 1151 Arte
616 1098 769 1170 praecepta
802 1088 951 1169 Epitomes
974 1091 991 1163 ξ
1012 1088 1072 1150 235
1096 1096 1126 1148 et
1147 1091 1165 1163 §
1184 1087 1246 1150 239
1279 1096 1357 1150 arcte
1391 1089 1555 1151 cohaesisse

390 1193 532 1256 sumenda
559 1201 642 1267 sunt,
670 1210 736 1254 cum
765 1196 801 1267 ἐξ
816 1191 996 1254 236-238
1019 1191 1055 1252 ab
1078 1190 1269 1272 epitomatore
1292 1192 1369 1253 inter
1391 1211 1423 1253 ea
1445 1193 1554 1255 inserta

389 1317 454 1361 esse
477 1305 601 1358 constet.
634 1296 837 1377 etymologiam
860 1296 938 1357 enim
961 1294 1089 1357 nominis
1112 1294 1216 1375 epilogi
1231 1299 1261 1372 (§
1277 1296 1350 1372 236)
1367 1296 1422 1358 sub
1437 1296 1553 1358 initium

390 1400 487 1481 quarti
509 1400 545 1461 de
567 1399 735 1461 inventione
757 1400 831 1460 tomi
853 1399 1020 1460 collocatam
1044 1399 1144 1471 fuisse,
1166 1400 1299 1480 proxima
1319 1401 1354 1461 de
1369 1400 1512 1481 prooemii
1527 1410 1555 1462 et

393 1504 498 1586 epilogi
525 1502 687 1565 differentia
717 1501 804 1564 verba
827 1505 857 1577 (ᾗ
877 1502 950 1578 237)
979 1501 1093 1576 exeis,
1122 1521 1196 1582 quae
1219 1502 1253 1563 de
1276 1502 1331 1565 hac
1353 1522 1383 1565 re
1406 1503 1436 1564 in
1459 1503 1555 1585 primo

393 1609 429 1670 de
450 1606 618 1683 inventione
641 1615 722 1668 tomo
745 1605 819 1667 dicta
843 1615 942 1677 erant,
970 1613 1119 1686 excerpta,
1149 1605 1305 1667 Alexandri
1327 1606 1362 1668 de
1384 1607 1553 1669 adfectuum

391 1710 554 1774 elocutione
576 1718 764 1790 praeceptum
788 1712 818 1784 (ᾗ
833 1708 908 1790 238)
931 1709 1084 1771 eCoruuti
1097 1708 1175 1770 Artis
1198 1711 1302 1789 quinto
1326 1718 1406 1772 tomo
1421 1719 1553 1792 ereptum

393 1833 458 1876 esse
481 1833 569 1895 supra
592 1812 866 1874 demonstravimus.

795 1986 878 2068 Περὶ
900 1983 1017 2061 λέξεως
1038 1981 1146 2068 τόμος.

474 2105 517 2166 Ex
539 2104 641 2166 ordine
663 2104 750 2165 huius
774 2103 847 2165 tomi
870 2113 1085 2184 excerptorum,
1108 2122 1182 2183 quae
1204 2103 1279 2179 E§§
1294 2104 1461 2168 240-253
1484 2125 1555 2168 cou-

390 2212 536 2283 tinentur‚
570 2207 793 2288 dispositionem
817 2207 889 2267 tomi
911 2207 986 2268 hanc
1008 2206 1098 2268 fuisse
1121 2206 1337 2281 concludimus,
1371 2217 1405 2270 ut
1426 2210 1553 2289 primum

388 2312 543 2374 Alexandri
565 2312 600 2373 de
623 2311 788 2373 elocutione
810 2318 950 2390 quattuor
971 2309 1098 2391 partium
1123 2309 1210 2400 verba
1233 2329 1289 2371 una
1312 2329 1379 2371 cum
1403 2310 1466 2374 eius
1489 2312 1555 2374 hre-

389 2416 474 2478 vibus
497 2415 532 2476 de
554 2414 668 2476 actione
691 2414 871 2494 singularum
896 2413 1023 2493 partium
1043 2414 1216 2495 praeceptis,
1241 2423 1302 2476 tum
1320 2414 1556 2495 Harpocrationis

390 2519 486 2592 verba,
510 2517 636 2597 denique
658 2517 788 2598 Dionysii
810 2516 897 2578 verba
920 2517 1113 2578 adferrentur.

477 2623 558 2695 Quae
580 2620 741 2682 Alexander
764 2620 799 2681 de
821 2620 964 2701 prooemii
987 2620 1150 2682 elocutione
1172 2629 1202 2681 et
1224 2620 1337 2682 actione
1358 2601 1554 2704 praescripsit,

392 2733 529 2805 excerpto
555 2724 706 2804 Epitomes
737 2727 766 2799 (ᾖ
787 2723 862 2802 240)
890 2731 920 2783 et
949 2732 1084 2804 excerpto
1111 2723 1148 2784 ab
1176 2723 1366 2802 Hermogenis
1395 2725 1554 2787 Scholiasta

391 2832 468 2890 facto
490 2827 540 2908 (W
562 2827 787 2900 Vll5211-14;
810 2827 860 2886 Vll
877 2827 947 2898 716,
970 2827 1097 2897 V382⁸
1118 2845 1195 2907 sqq„
1222 2827 1273 2887 llll
1289 2828 1349 2888 715
1364 2828 1389 2909 ι)
1421 2829 1498 2890 iuter
1525 2849 1555 2890 se

392 2931 568 3013 comparatis
590 2931 631 2992 ita
652 2935 713 2992 fere
736 2930 915 2992 restituenda
938 2939 1020 2991 sunt:

474 3033 533 3096 τοῦ
565 3031 627 3116 μὲν
657 3035 837 3116 προοιμίου
860 3027 881 3116 ἤ
903 3029 1058 3116 ἑρμηνεία
1079 3031 1118 3121 τῇ
1140 3029 1201 3114 μὲν
1223 3030 1339 3120 ἐκλογῇ
1363 3029 1557 3116 ἀπερίεργος

391 3134 473 3200 ἔσοιο
507 3157 542 3197 τε
574 3135 630 3198 καὶ
664 3130 781 3220 ἥκιστα
812 3131 1007 3220 σημειώδης.
1062 3138 1187 3214 γίνεται
1221 3134 1259 3199 dt
1290 3132 1442 3219 τοιαύτη,
1477 3134 1557 3201 ὅταν

391 3235 514 3324 ἐκφύγη
551 3261 602 3313 τις
631 3238 707 3313 τοὺς
743 3236 901 3322 ἐμφανεῖς
933 3234 1076 3320 τρόπους
1108 3237 1163 3301 καὶ
1196 3237 1253 3312 τὰς
1284 3237 1558 3323 γλοσσημαιιιιὰς

394 3341 507 3416 λέξεις.
552 3338 572 3426 ἡ
604 3339 643 3405 δὲ
672 3339 831 3415 σύνθεσις
864 3338 946 3404 ἔστι)
980 3340 1085 3405 ἐνίοτε
1117 3339 1179 3424 μὲν
1209 3346 1472 3427 συνεστραμμένη
1501 3344 1556 3406 καὶ

392 3440 510 3528 πικρά,
533 3441 638 3509 ἐνίοτε
660 3443 697 3508 δὲ
719 3441 948 3528 διηγηματική.
992 3445 1051 3508 τοῦ
1073 3443 1111 3508 δὲ
1134 3448 1314 3528 προοιμίου
1336 3442 1357 3528 ἡ
1379 3437 1557 3530 ὑπόκρισις

391 3551 509 3633 μετρία
532 3545 613 3610 ἔστω
637 3544 693 3608 καὶ
716 3543 891 3630 despexere
902 3547 958 3609 καὶ
979 3557 1050 3623 τοῖς
1071 3541 1304 3632 ὑποκειμένοις
1327 3550 1441 3612 cinctos

476 3650 631 3712 Alexandri
659 3650 694 3712 de
721 3651 896 3713 narrationis
923 3651 1086 3713 elocutione
1109 3662 1138 3715 et
1160 3655 1273 3715 actione
1296 3664 1484 3735 praeceptum
1511 3655 1557 3715 in·

393 3755 502 3836 tegrius
534 3754 564 3814 iu
592 3753 725 3835 Epitoma
760 3763 892 3817 servatur
919 3758 967 3831 (§§
989 3755 1064 3828 136,
1090 3757 1177 3835 137),
1209 3757 1259 3818 sed
1287 3777 1324 3819 ue
1351 3758 1408 3819 hoc
1437 3758 1555 3838 quidem

392 3877 514 3942 prorsus
537 3857 680 3919 intactum
704 3877 769 3920 esse
792 3857 883 3919 altero
906 3858 1037 3920 eiusdem
1054 3869 1189 3940 excerpto
1212 3862 1244 3940 (ᾗ
1260 3860 1334 3936 241)
1357 3863 1556 3922 confirmatur.

391 4069 503 4153 ἔφαμεν
508 4065 588 4134 παθη
600 4071 692 4135 κινειν
708 4067 809 4140 ῥητέον,
820 4071 860 4125 τίς
872 4066 948 4122 ἐστιν
1001 4063 1037 4124 ὠς
1064 4062 1220 4137 ἔφαμεν,
1203 4087 1220 4132 η
1243 4065 1272 4118 ἐκ
1292 4061 1382 4137 μάχης
1403 4088 1419 4132 η
1443 4063 1509 4127 1ξ’
1492 4087 1557 4120 ακο-

392 4133 600 4202 ἠδιοιύπιοσις.
1002 4137 1114 4193 λουθίας
1126 4141 1239 4217 γίνεται
1258 4153 1409 4204 αναγκαιον
1420 4131 1510 4207 περὶ
1495 4155 1557 4188 ακο

1002 4204 1115 4261 λουθίας
1131 4206 1178 4256 καὶ
1193 4220 1287 4286 μαχης
1303 4207 1397 4256 εἰπεῖν.

461 4273 470 4306 ¹
489 4273 576 4324 Curu'
568 4289 594 4324 m
614 4274 662 4325 hoo
684 4279 818 4338 praecepto
838 4271 858 4321 u
876 4273 936 4325 48⁵
954 4273 1040 4322 eadem
1059 4275 1186 4324 sententia
1205 4274 1356 4339 reperiatur,
1378 4289 1441 4339 quae
1458 4273 1480 4324 lt
1498 4274 1556 4327 Ais

393 4342 495 4406 legitur,
518 4342 626 4393 nominis
644 4342 740 4407 epilogi
758 4341 936 4408 etymologiam
957 4342 1058 4391 Neoclis
1077 4356 1133 4392 esse
1151 4357 1195 4408 pro
1214 4350 1285 4392 certo
1303 4343 1431 4404 habemus,
1450 4343 1474 4391 id
1493 4343 1557 4407 quod

392 4418 495 4476 proptor
514 4411 685 4478 etymologiae
698 4426 752 4460 curu
765 4409 867 4459 Neoclis
886 4409 1031 4460 definitione
1050 4411 1142 4476 epilogi
1156 4426 1304 4461 consensum
1323 4412 1439 4460 conicere
1457 4412 1558 4461 licebat.
