<?xml version="1.0" encoding="UTF-8"?>
<!DOCTYPE html PUBLIC "-//W3C//DTD XHTML 1.0 Transitional//EN"
    "http://www.w3.org/TR/xhtml1/DTD/xhtml1-transitional.dtd">
<html xmlns="http://www.w3.org/1999/xhtml" xml:lang="en" lang="en">
 <head>
  <title>
</title>
<meta http-equiv="Content-Type" content="text/html;charset=utf-8" />
  <meta name='ocr-system' content='tesseract 3.04.00' />
  <meta name='ocr-capabilities' content='ocr_page ocr_carea ocr_par ocr_line ocrx_word'/>
</head>
<body>
  <div class='ocr_page' id='page_1' title='image "./cornutiartisrhe00graegoog_0031.png"; bbox 0 0 3590 5262; ppageno 0'>
   <div class='ocr_carea' id='block_1_1' title="bbox 843 343 1077 424">
    <p class='ocr_par' dir='ltr' id='par_1_1' title="bbox 843 343 1077 424">
     <span class='ocr_line' id='line_1_1' title="bbox 843 343 1077 424; baseline -0.004 -33"><span class='ocrx_word' id='word_1_1' title='bbox 843 381 883 391; x_wconf 76' lang='grc'><em>,</em></span> <span class='ocrx_word' id='word_1_2' title='bbox 930 343 1077 424; x_wconf 21' lang='lat' dir='ltr'><strong>XX,—</strong></span> 
     </span>
    </p>
   </div>
   <div class='ocr_carea' id='block_1_2' title="bbox 314 519 1614 2665">
    <p class='ocr_par' dir='ltr' id='par_1_2' title="bbox 381 519 1538 706">
     <span class='ocr_line' id='line_1_2' title="bbox 381 519 1538 603; baseline -0.004 -16"><span class='ocrx_word' id='word_1_3' title='bbox 381 533 434 598; x_wconf 88' lang='lat' dir='ltr'><strong>est,</strong></span> <span class='ocrx_word' id='word_1_4' title='bbox 468 543 542 603; x_wconf 90' lang='lat' dir='ltr'><strong>quos</strong></span> <span class='ocrx_word' id='word_1_5' title='bbox 565 524 633 584; x_wconf 86' lang='lat' dir='ltr'><strong>Arte</strong></span> <span class='ocrx_word' id='word_1_6' title='bbox 668 542 736 584; x_wconf 91' lang='lat' dir='ltr'><strong>usos</strong></span> <span class='ocrx_word' id='word_1_7' title='bbox 769 542 832 584; x_wconf 88' lang='lat' dir='ltr'><strong>esse</strong></span> <span class='ocrx_word' id='word_1_8' title='bbox 866 521 984 584; x_wconf 90' lang='lat' dir='ltr'><strong>scimus.</strong></span> <span class='ocrx_word' id='word_1_9' title='bbox 1039 521 1114 583; x_wconf 92' lang='lat' dir='ltr'><strong>circa</strong></span> <span class='ocrx_word' id='word_1_10' title='bbox 1136 539 1247 582; x_wconf 92' lang='lat' dir='ltr'><strong>annum</strong></span> <span class='ocrx_word' id='word_1_11' title='bbox 1270 519 1538 600; x_wconf 78' lang='lat' dir='ltr'><strong>quingentesimum</strong></span> 
     </span>
     <span class='ocr_line' id='line_1_3' title="bbox 381 625 861 706; baseline -0.006 -17"><span class='ocrx_word' id='word_1_12' title='bbox 381 629 457 689; x_wconf 90' lang='lat' dir='ltr'><strong>enim</strong></span> <span class='ocrx_word' id='word_1_13' title='bbox 481 625 732 706; x_wconf 73' lang='lat' dir='ltr'><strong>Constantinopoli</strong></span> <span class='ocrx_word' id='word_1_14' title='bbox 753 626 861 687; x_wconf 85' lang='lat' dir='ltr'><strong>lloruit.</strong></span> 
     </span>
    </p>

    <p class='ocr_par' dir='ltr' id='par_1_3' title="bbox 314 725 1614 2665">
     <span class='ocr_line' id='line_1_4' title="bbox 464 725 1539 809; baseline 0.001 -19"><span class='ocrx_word' id='word_1_15' title='bbox 464 730 756 809; x_wconf 79' lang='lat' dir='ltr'><strong>Progymnasmatum</strong></span> <span class='ocrx_word' id='word_1_16' title='bbox 792 727 888 790; x_wconf 80' lang='lat' dir='ltr'><strong>verbis</strong></span> <span class='ocrx_word' id='word_1_17' title='bbox 928 729 968 809; x_wconf 89' lang='lat' dir='ltr'><strong>Sp</strong></span> <span class='ocrx_word' id='word_1_18' title='bbox 987 729 1027 788; x_wconf 95' lang='lat' dir='ltr'><strong>lll</strong></span> <span class='ocrx_word' id='word_1_19' title='bbox 1054 729 1116 789; x_wconf 91' lang='grc'><strong>477</strong></span> <span class='ocrx_word' id='word_1_20' title='bbox 1130 759 1143 797; x_wconf 73' lang='lat'><strong>5</strong></span> <span class='ocrx_word' id='word_1_21' title='bbox 1157 725 1246 787; x_wconf 91' lang='lat' dir='ltr'><strong>=W</strong></span> <span class='ocrx_word' id='word_1_22' title='bbox 1261 727 1286 788; x_wconf 93' lang='lat' dir='ltr'><strong>ll</strong></span> <span class='ocrx_word' id='word_1_23' title='bbox 1301 727 1363 788; x_wconf 88' lang='grc'><strong>614</strong></span> <span class='ocrx_word' id='word_1_24' title='bbox 1377 759 1398 800; x_wconf 70' lang='lat'><strong>5,</strong></span> <span class='ocrx_word' id='word_1_25' title='bbox 1433 726 1539 805; x_wconf 88' lang='lat' dir='ltr'><strong>quihus</strong></span> 
     </span>
     <span class='ocr_line' id='line_1_5' title="bbox 381 829 1541 912; baseline -0.001 -21"><span class='ocrx_word' id='word_1_26' title='bbox 381 831 544 910; x_wconf 85' lang='lat' dir='ltr'><strong>exponitur,</strong></span> <span class='ocrx_word' id='word_1_27' title='bbox 578 831 648 910; x_wconf 90' lang='lat' dir='ltr'><strong>quid</strong></span> <span class='ocrx_word' id='word_1_28' title='bbox 681 830 786 912; x_wconf 84' lang='lat' dir='ltr'><strong>epilogi</strong></span> <span class='ocrx_word' id='word_1_29' title='bbox 818 831 971 912; x_wconf 92' lang='lat' dir='ltr'><strong>proprium</strong></span> <span class='ocrx_word' id='word_1_30' title='bbox 1005 830 1051 905; x_wconf 91' lang='lat' dir='ltr'><strong>sit,</strong></span> <span class='ocrx_word' id='word_1_31' title='bbox 1075 830 1229 892; x_wconf 82' lang='lat' dir='ltr'><strong>Alexandri</strong></span> <span class='ocrx_word' id='word_1_32' title='bbox 1262 831 1297 891; x_wconf 92' lang='lat' dir='ltr'><strong>de</strong></span> <span class='ocrx_word' id='word_1_33' title='bbox 1327 829 1489 891; x_wconf 84' lang='lat' dir='ltr'><strong>elocutione</strong></span> <span class='ocrx_word' id='word_1_34' title='bbox 1511 838 1541 890; x_wconf 90' lang='grc'><strong>44</strong></span> 
     </span>
     <span class='ocr_line' id='line_1_6' title="bbox 381 931 1538 1015; baseline -0.004 -19"><span class='ocrx_word' id='word_1_35' title='bbox 381 934 492 996; x_wconf 93' lang='lat' dir='ltr'><strong>actione</strong></span> <span class='ocrx_word' id='word_1_36' title='bbox 525 935 631 1015; x_wconf 88' lang='lat' dir='ltr'><strong>epilogi</strong></span> <span class='ocrx_word' id='word_1_37' title='bbox 664 942 851 1015; x_wconf 87' lang='lat' dir='ltr'><strong>praeceptum</strong></span> <span class='ocrx_word' id='word_1_38' title='bbox 882 933 1002 995; x_wconf 87' lang='lat' dir='ltr'><strong>subesse</strong></span> <span class='ocrx_word' id='word_1_39' title='bbox 1036 934 1233 1012; x_wconf 90' lang='lat' dir='ltr'><strong>cognovimus.</strong></span> <span class='ocrx_word' id='word_1_40' title='bbox 1288 933 1311 993; x_wconf 87' lang='lat' dir='ltr'>E</span> <span class='ocrx_word' id='word_1_41' title='bbox 1338 935 1375 1007; x_wconf 56' lang='grc' dir='ltr'><strong>ἐξ</strong></span> <span class='ocrx_word' id='word_1_42' title='bbox 1390 931 1461 1005; x_wconf 81' lang='grc'><strong>246,</strong></span> <span class='ocrx_word' id='word_1_43' title='bbox 1479 931 1538 992; x_wconf 82' lang='grc'><strong>241</strong></span> 
     </span>
     <span class='ocr_line' id='line_1_7' title="bbox 381 1035 1541 1118; baseline -0.002 -20"><span class='ocrx_word' id='word_1_44' title='bbox 381 1038 459 1099; x_wconf 88' lang='lat' dir='ltr'><strong>enim</strong></span> <span class='ocrx_word' id='word_1_45' title='bbox 475 1058 516 1113; x_wconf 89' lang='lat' dir='ltr'><strong>ea,</strong></span> <span class='ocrx_word' id='word_1_46' title='bbox 540 1057 613 1117; x_wconf 90' lang='lat' dir='ltr'><strong>quae</strong></span> <span class='ocrx_word' id='word_1_47' title='bbox 628 1037 790 1099; x_wconf 80' lang='lat' dir='ltr'><strong>Alexander</strong></span> <span class='ocrx_word' id='word_1_48' title='bbox 813 1037 848 1098; x_wconf 88' lang='lat' dir='ltr'><strong>de</strong></span> <span class='ocrx_word' id='word_1_49' title='bbox 870 1036 1032 1098; x_wconf 84' lang='lat' dir='ltr'><strong>elocutione</strong></span> <span class='ocrx_word' id='word_1_50' title='bbox 1051 1036 1194 1118; x_wconf 88' lang='lat' dir='ltr'><strong>prooemii</strong></span> <span class='ocrx_word' id='word_1_51' title='bbox 1216 1044 1245 1098; x_wconf 89' lang='lat' dir='ltr'><strong>et</strong></span> <span class='ocrx_word' id='word_1_52' title='bbox 1259 1035 1434 1098; x_wconf 90' lang='lat' dir='ltr'><strong>narrationis</strong></span> <span class='ocrx_word' id='word_1_53' title='bbox 1456 1055 1541 1117; x_wconf 88' lang='lat' dir='ltr'><strong>prae-</strong></span> 
     </span>
     <span class='ocr_line' id='line_1_8' title="bbox 381 1138 1541 1222; baseline -0.003 -20"><span class='ocrx_word' id='word_1_54' title='bbox 381 1140 506 1222; x_wconf 84' lang='lat' dir='ltr'><strong>scripsit,</strong></span> <span class='ocrx_word' id='word_1_55' title='bbox 529 1142 609 1203; x_wconf 88' lang='lat' dir='ltr'><strong>valde</strong></span> <span class='ocrx_word' id='word_1_56' title='bbox 633 1140 759 1202; x_wconf 87' lang='lat' dir='ltr'><strong>breviata</strong></span> <span class='ocrx_word' id='word_1_57' title='bbox 782 1151 812 1202; x_wconf 87' lang='lat' dir='ltr'><strong>et</strong></span> <span class='ocrx_word' id='word_1_58' title='bbox 833 1149 961 1202; x_wconf 89' lang='lat' dir='ltr'><strong>coartata</strong></span> <span class='ocrx_word' id='word_1_59' title='bbox 983 1139 1129 1202; x_wconf 89' lang='lat' dir='ltr'><strong>exhibent.</strong></span> <span class='ocrx_word' id='word_1_60' title='bbox 1166 1139 1233 1200; x_wconf 84' lang='lat' dir='ltr'><strong>inde</strong></span> <span class='ocrx_word' id='word_1_61' title='bbox 1248 1139 1411 1219; x_wconf 87' lang='lat' dir='ltr'><strong>colligimus</strong></span> <span class='ocrx_word' id='word_1_62' title='bbox 1427 1138 1541 1214; x_wconf 77' lang='lat'><strong>§§242,</strong></span> 
     </span>
     <span class='ocr_line' id='line_1_9' title="bbox 381 1241 1541 1325; baseline 0 -21"><span class='ocrx_word' id='word_1_63' title='bbox 381 1244 442 1306; x_wconf 82' lang='grc'><strong>243</strong></span> <span class='ocrx_word' id='word_1_64' title='bbox 458 1264 575 1324; x_wconf 88' lang='lat' dir='ltr'><strong>quoque</strong></span> <span class='ocrx_word' id='word_1_65' title='bbox 589 1253 724 1324; x_wconf 89' lang='lat' dir='ltr'><strong>excerpta</strong></span> <span class='ocrx_word' id='word_1_66' title='bbox 739 1243 893 1304; x_wconf 79' lang='lat' dir='ltr'><strong>Alexandri</strong></span> <span class='ocrx_word' id='word_1_67' title='bbox 908 1252 1129 1325; x_wconf 89' lang='lat' dir='ltr'><strong>praeceptorum</strong></span> <span class='ocrx_word' id='word_1_68' title='bbox 1146 1262 1218 1304; x_wconf 90' lang='lat' dir='ltr'><strong>esse.</strong></span> <span class='ocrx_word' id='word_1_69' title='bbox 1249 1261 1316 1304; x_wconf 91' lang='lat' dir='ltr'><strong>cum</strong></span> <span class='ocrx_word' id='word_1_70' title='bbox 1332 1246 1349 1317; x_wconf 60' lang='grc' dir='ltr'>ᾗ</span> <span class='ocrx_word' id='word_1_71' title='bbox 1364 1241 1426 1303; x_wconf 80' lang='grc'><strong>243</strong></span> <span class='ocrx_word' id='word_1_72' title='bbox 1443 1252 1541 1304; x_wconf 92' lang='lat' dir='ltr'><strong>autem</strong></span> 
     </span>
     <span class='ocr_line' id='line_1_10' title="bbox 381 1345 1543 1427; baseline -0.001 -19"><span class='ocrx_word' id='word_1_73' title='bbox 381 1348 490 1410; x_wconf 91' lang='lat' dir='ltr'><strong>Nicolai</strong></span> <span class='ocrx_word' id='word_1_74' title='bbox 513 1348 608 1421; x_wconf 82' lang='lat' dir='ltr'><strong>verbu,</strong></span> <span class='ocrx_word' id='word_1_75' title='bbox 632 1346 795 1426; x_wconf 89' lang='lat' dir='ltr'><strong>dequibus</strong></span> <span class='ocrx_word' id='word_1_76' title='bbox 818 1347 922 1426; x_wconf 89' lang='lat' dir='ltr'><strong>agitur,</strong></span> <span class='ocrx_word' id='word_1_77' title='bbox 943 1345 1088 1424; x_wconf 89' lang='lat' dir='ltr'><strong>insignem</strong></span> <span class='ocrx_word' id='word_1_78' title='bbox 1112 1345 1331 1407; x_wconf 89' lang='lat' dir='ltr'><strong>similitudinem</strong></span> <span class='ocrx_word' id='word_1_79' title='bbox 1354 1365 1423 1427; x_wconf 87' lang='lat' dir='ltr'><strong>prae</strong></span> <span class='ocrx_word' id='word_1_80' title='bbox 1445 1365 1477 1407; x_wconf 88' lang='lat' dir='ltr'><strong>se</strong></span> <span class='ocrx_word' id='word_1_81' title='bbox 1499 1349 1543 1407; x_wconf 85' lang='lat' dir='ltr'><strong>fe·</strong></span> 
     </span>
     <span class='ocr_line' id='line_1_11' title="bbox 382 1446 1542 1531; baseline 0 -20"><span class='ocrx_word' id='word_1_82' title='bbox 382 1459 461 1512; x_wconf 90' lang='lat' dir='ltr'><strong>runt.</strong></span> <span class='ocrx_word' id='word_1_83' title='bbox 504 1450 660 1530; x_wconf 88' lang='lat' dir='ltr'><strong>utrobique</strong></span> <span class='ocrx_word' id='word_1_84' title='bbox 681 1460 715 1511; x_wconf 91' lang='lat' dir='ltr'><strong>ut</strong></span> <span class='ocrx_word' id='word_1_85' title='bbox 737 1450 842 1530; x_wconf 92' lang='lat' dir='ltr'><strong>epilogi</strong></span> <span class='ocrx_word' id='word_1_86' title='bbox 864 1448 988 1511; x_wconf 89' lang='lat' dir='ltr'><strong>elocutio</strong></span> <span class='ocrx_word' id='word_1_87' title='bbox 1011 1446 1183 1531; x_wconf 76' lang='grc' dir='ltr'><strong>παθητική</strong></span> <span class='ocrx_word' id='word_1_88' title='bbox 1210 1449 1350 1511; x_wconf 92' lang='lat' dir='ltr'><strong>reddatur</strong></span> <span class='ocrx_word' id='word_1_89' title='bbox 1376 1459 1405 1511; x_wconf 91' lang='lat' dir='ltr'><strong>et</strong></span> <span class='ocrx_word' id='word_1_90' title='bbox 1428 1447 1542 1512; x_wconf 76' lang='grc' dir='ltr'><strong><em>δεινώ-</em></strong></span> 
     </span>
     <span class='ocr_line' id='line_1_12' title="bbox 384 1551 1544 1634; baseline -0.002 -19"><span class='ocrx_word' id='word_1_91' title='bbox 384 1570 454 1627; x_wconf 79' lang='grc' dir='ltr'><strong><em>σεις</em></strong></span> <span class='ocrx_word' id='word_1_92' title='bbox 475 1553 530 1615; x_wconf 84' lang='grc' dir='ltr'><strong>καὶ</strong></span> <span class='ocrx_word' id='word_1_93' title='bbox 553 1551 764 1634; x_wconf 79' lang='grc' dir='ltr'><strong><em>σχετλιασμοί</em></strong></span> <span class='ocrx_word' id='word_1_94' title='bbox 788 1561 966 1633; x_wconf 88' lang='lat' dir='ltr'><strong>usurpentur</strong></span> <span class='ocrx_word' id='word_1_95' title='bbox 987 1551 1202 1633; x_wconf 88' lang='lat' dir='ltr'><strong>praescribitur.</strong></span> <span class='ocrx_word' id='word_1_96' title='bbox 1240 1559 1274 1613; x_wconf 93' lang='lat' dir='ltr'><strong>ut</strong></span> <span class='ocrx_word' id='word_1_97' title='bbox 1292 1571 1365 1631; x_wconf 87' lang='lat' dir='ltr'><strong>quae</strong></span> <span class='ocrx_word' id='word_1_98' title='bbox 1380 1553 1453 1613; x_wconf 89' lang='lat' dir='ltr'><strong>ratio</strong></span> <span class='ocrx_word' id='word_1_99' title='bbox 1467 1552 1544 1613; x_wconf 89' lang='lat' dir='ltr'><strong>inter</strong></span> 
     </span>
     <span class='ocr_line' id='line_1_13' title="bbox 382 1654 1544 1737; baseline -0.001 -20"><span class='ocrx_word' id='word_1_100' title='bbox 382 1656 532 1719; x_wconf 89' lang='lat' dir='ltr'><strong>Nicolaum</strong></span> <span class='ocrx_word' id='word_1_101' title='bbox 549 1666 578 1719; x_wconf 91' lang='grc'><strong>44</strong></span> <span class='ocrx_word' id='word_1_102' title='bbox 588 1656 742 1737; x_wconf 84' lang='lat' dir='ltr'><strong>Epitomen</strong></span> <span class='ocrx_word' id='word_1_103' title='bbox 757 1654 917 1717; x_wconf 89' lang='lat' dir='ltr'><strong>intercedat</strong></span> <span class='ocrx_word' id='word_1_104' title='bbox 932 1665 1105 1727; x_wconf 89' lang='lat' dir='ltr'><strong>statuamus,</strong></span> <span class='ocrx_word' id='word_1_105' title='bbox 1121 1654 1267 1733; x_wconf 92' lang='lat' dir='ltr'><strong>quomodo</strong></span> <span class='ocrx_word' id='word_1_106' title='bbox 1279 1655 1443 1734; x_wconf 87' lang='lat' dir='ltr'><strong>discrepent</strong></span> <span class='ocrx_word' id='word_1_107' title='bbox 1454 1674 1544 1733; x_wconf 90' lang='lat' dir='ltr'><strong>quae·</strong></span> 
     </span>
     <span class='ocr_line' id='line_1_14' title="bbox 383 1756 1545 1842; baseline -0.003 -20"><span class='ocrx_word' id='word_1_108' title='bbox 383 1762 508 1823; x_wconf 90' lang='lat' dir='ltr'><strong>rendum</strong></span> <span class='ocrx_word' id='word_1_109' title='bbox 532 1769 585 1822; x_wconf 90' lang='lat' dir='ltr'><strong>est.</strong></span> <span class='ocrx_word' id='word_1_110' title='bbox 628 1768 814 1840; x_wconf 91' lang='lat' dir='ltr'><strong>praeceptum</strong></span> <span class='ocrx_word' id='word_1_111' title='bbox 835 1758 954 1828; x_wconf 66' lang='grc'><strong>134844</strong></span> <span class='ocrx_word' id='word_1_112' title='bbox 976 1759 1114 1831; x_wconf 89' lang='lat' dir='ltr'><strong>adlatum,</strong></span> <span class='ocrx_word' id='word_1_113' title='bbox 1137 1766 1170 1819; x_wconf 90' lang='lat' dir='ltr'><strong>ut</strong></span> <span class='ocrx_word' id='word_1_114' title='bbox 1185 1759 1309 1820; x_wconf 87' lang='lat' dir='ltr'><strong>elocutio</strong></span> <span class='ocrx_word' id='word_1_115' title='bbox 1324 1756 1545 1842; x_wconf 76' lang='grc' dir='ltr'><strong><em>τολμηροτέρα</em></strong></span> 
     </span>
     <span class='ocr_line' id='line_1_15' title="bbox 383 1859 1544 1946; baseline -0.003 -20"><span class='ocrx_word' id='word_1_116' title='bbox 383 1873 453 1937; x_wconf 79' lang='grc' dir='ltr'><strong><em>τοῖς</em></strong></span> <span class='ocrx_word' id='word_1_117' title='bbox 476 1859 620 1946; x_wconf 82' lang='grc' dir='ltr'><strong><em>σχήμασι</em></strong></span> <span class='ocrx_word' id='word_1_118' title='bbox 642 1863 689 1937; x_wconf 89' lang='lat' dir='ltr'><strong>sit,</strong></span> <span class='ocrx_word' id='word_1_119' title='bbox 712 1862 789 1943; x_wconf 92' lang='lat' dir='ltr'><strong>apud</strong></span> <span class='ocrx_word' id='word_1_120' title='bbox 803 1860 953 1923; x_wconf 92' lang='lat' dir='ltr'><strong>Nicolaum</strong></span> <span class='ocrx_word' id='word_1_121' title='bbox 977 1863 1057 1923; x_wconf 91' lang='lat' dir='ltr'><strong>deest</strong></span> <span class='ocrx_word' id='word_1_122' title='bbox 1072 1881 1167 1940; x_wconf 87' lang='lat' dir='ltr'><strong>neque</strong></span> <span class='ocrx_word' id='word_1_123' title='bbox 1181 1880 1250 1923; x_wconf 91' lang='lat' dir='ltr'><strong>vero</strong></span> <span class='ocrx_word' id='word_1_124' title='bbox 1266 1863 1336 1924; x_wconf 91' lang='lat' dir='ltr'><strong>baec</strong></span> <span class='ocrx_word' id='word_1_125' title='bbox 1351 1862 1544 1942; x_wconf 89' lang='lat' dir='ltr'><strong>discrepantia</strong></span> 
     </span>
     <span class='ocr_line' id='line_1_16' title="bbox 384 1964 1543 2047; baseline -0.003 -18"><span class='ocrx_word' id='word_1_126' title='bbox 384 1967 471 2030; x_wconf 90' lang='lat' dir='ltr'><strong>ullius</strong></span> <span class='ocrx_word' id='word_1_127' title='bbox 492 1966 634 2028; x_wconf 89' lang='lat' dir='ltr'><strong>momenti</strong></span> <span class='ocrx_word' id='word_1_128' title='bbox 650 1975 702 2028; x_wconf 90' lang='lat' dir='ltr'><strong>est.</strong></span> <span class='ocrx_word' id='word_1_129' title='bbox 735 1975 882 2046; x_wconf 88' lang='lat' dir='ltr'><strong>praetcrea</strong></span> <span class='ocrx_word' id='word_1_130' title='bbox 898 1985 931 2025; x_wconf 90' lang='lat' dir='ltr'><strong>eo</strong></span> <span class='ocrx_word' id='word_1_131' title='bbox 946 1965 1119 2047; x_wconf 89' lang='lat' dir='ltr'><strong>discrepant,</strong></span> <span class='ocrx_word' id='word_1_132' title='bbox 1142 1964 1220 2043; x_wconf 91' lang='lat' dir='ltr'><strong>quod</strong></span> <span class='ocrx_word' id='word_1_133' title='bbox 1235 1964 1258 2025; x_wconf 87' lang='lat' dir='ltr'>E</span> <span class='ocrx_word' id='word_1_134' title='bbox 1273 1964 1313 2026; x_wconf 88' lang='grc'><strong>48</strong></span> <span class='ocrx_word' id='word_1_135' title='bbox 1330 1997 1355 2034; x_wconf 67' lang='lat'><strong>23</strong></span> <span class='ocrx_word' id='word_1_136' title='bbox 1369 1965 1543 2028; x_wconf 83' lang='lat' dir='ltr'><strong>adiectivum</strong></span> 
     </span>
     <span class='ocr_line' id='line_1_17' title="bbox 383 2068 1543 2153; baseline 0.001 -22"><span class='ocrx_word' id='word_1_137' title='bbox 383 2071 655 2153; x_wconf 73' lang='grc' dir='ltr'><strong><em>περιπαθεστέρα</em></strong></span> <span class='ocrx_word' id='word_1_138' title='bbox 666 2069 763 2149; x_wconf 92' lang='lat' dir='ltr'><strong>ipsum</strong></span> <span class='ocrx_word' id='word_1_139' title='bbox 776 2089 892 2149; x_wconf 92' lang='lat' dir='ltr'><strong>quoque</strong></span> <span class='ocrx_word' id='word_1_140' title='bbox 903 2069 939 2129; x_wconf 91' lang='lat' dir='ltr'><strong>ad</strong></span> <span class='ocrx_word' id='word_1_141' title='bbox 951 2068 1143 2130; x_wconf 87' lang='lat' dir='ltr'><strong>elocutionem</strong></span> <span class='ocrx_word' id='word_1_142' title='bbox 1156 2071 1290 2144; x_wconf 89' lang='lat' dir='ltr'><strong>refertur,</strong></span> <span class='ocrx_word' id='word_1_143' title='bbox 1306 2069 1383 2149; x_wconf 93' lang='lat' dir='ltr'><strong>apud</strong></span> <span class='ocrx_word' id='word_1_144' title='bbox 1395 2069 1543 2132; x_wconf 89' lang='lat' dir='ltr'><strong>Nicolaum</strong></span> 
     </span>
     <span class='ocr_line' id='line_1_18' title="bbox 384 2170 1545 2255; baseline -0.001 -20"><span class='ocrx_word' id='word_1_145' title='bbox 384 2174 457 2236; x_wconf 90' lang='lat' dir='ltr'><strong>actio</strong></span> <span class='ocrx_word' id='word_1_146' title='bbox 480 2173 594 2255; x_wconf 89' lang='lat' dir='ltr'><strong>epilogi,</strong></span> <span class='ocrx_word' id='word_1_147' title='bbox 617 2171 700 2233; x_wconf 93' lang='lat' dir='ltr'><strong>cuius</strong></span> <span class='ocrx_word' id='word_1_148' title='bbox 722 2172 752 2232; x_wconf 90' lang='lat' dir='ltr'><strong>in</strong></span> <span class='ocrx_word' id='word_1_149' title='bbox 771 2172 906 2253; x_wconf 84' lang='lat' dir='ltr'><strong>Epitoma</strong></span> <span class='ocrx_word' id='word_1_150' title='bbox 929 2171 1049 2249; x_wconf 89' lang='lat' dir='ltr'><strong>omnino</strong></span> <span class='ocrx_word' id='word_1_151' title='bbox 1072 2170 1182 2232; x_wconf 89' lang='lat' dir='ltr'><strong>mentio</strong></span> <span class='ocrx_word' id='word_1_152' title='bbox 1206 2190 1265 2233; x_wconf 92' lang='lat' dir='ltr'><strong>non</strong></span> <span class='ocrx_word' id='word_1_153' title='bbox 1288 2172 1328 2245; x_wconf 86' lang='lat' dir='ltr'><strong>fit,</strong></span> <span class='ocrx_word' id='word_1_154' title='bbox 1353 2175 1545 2255; x_wconf 70' lang='grc' dir='ltr'><strong><em>περιπαθε-</em></strong></span> 
     </span>
     <span class='ocr_line' id='line_1_19' title="bbox 385 2269 1545 2362; baseline -0.002 -23"><span class='ocrx_word' id='word_1_155' title='bbox 385 2277 482 2360; x_wconf 79' lang='grc' dir='ltr'><strong><em>στέρα</em></strong></span> <span class='ocrx_word' id='word_1_156' title='bbox 504 2275 610 2336; x_wconf 89' lang='lat' dir='ltr'><strong>dicitur</strong></span> <span class='ocrx_word' id='word_1_157' title='bbox 631 2277 670 2356; x_wconf 89' lang='lat' dir='ltr'><strong>Sp</strong></span> <span class='ocrx_word' id='word_1_158' title='bbox 685 2275 725 2335; x_wconf 94' lang='lat' dir='ltr'><strong>lll</strong></span> <span class='ocrx_word' id='word_1_159' title='bbox 741 2276 829 2345; x_wconf 64' lang='lat'><strong>477,</strong></span> <span class='ocrx_word' id='word_1_160' title='bbox 851 2273 942 2338; x_wconf 78' lang='grc' dir='ltr'><strong><em>ἴδιον</em></strong></span> <span class='ocrx_word' id='word_1_161' title='bbox 970 2271 1115 2358; x_wconf 76' lang='grc' dir='ltr'><strong><em>ἐπιλόγῳ</em></strong></span> <span class='ocrx_word' id='word_1_162' title='bbox 1140 2320 1172 2335; x_wconf 95' lang='grc'><strong>..</strong></span> <span class='ocrx_word' id='word_1_163' title='bbox 1203 2271 1259 2335; x_wconf 86' lang='grc' dir='ltr'><strong>καὶ</strong></span> <span class='ocrx_word' id='word_1_164' title='bbox 1289 2269 1373 2362; x_wconf 77' lang='grc' dir='ltr'><strong><em>αὐτῇ</em></strong></span> <span class='ocrx_word' id='word_1_165' title='bbox 1398 2275 1437 2362; x_wconf 77' lang='grc' dir='ltr'><strong>τῇ</strong></span> <span class='ocrx_word' id='word_1_166' title='bbox 1459 2271 1545 2338; x_wconf 81' lang='grc' dir='ltr'><em>ὑπο-</em></span> 
     </span>
     <span class='ocr_line' id='line_1_20' title="bbox 314 2377 1542 2463; baseline 0.001 -23"><span class='ocrx_word' id='word_1_167' title='bbox 314 2387 318 2394; x_wconf 91' lang='grc'><strong>“</strong></span> <span class='ocrx_word' id='word_1_168' title='bbox 385 2381 491 2462; x_wconf 75' lang='grc' dir='ltr'><strong>κρίσει</strong></span> <span class='ocrx_word' id='word_1_169' title='bbox 515 2377 696 2461; x_wconf 70' lang='grc' dir='ltr'><strong><em>κεχρῆσθαι</em></strong></span> <span class='ocrx_word' id='word_1_170' title='bbox 721 2380 1001 2463; x_wconf 74' lang='grc' dir='ltr'><strong><em>περιπαθεστὲρᾳ.</em></strong></span> <span class='ocrx_word' id='word_1_171' title='bbox 1046 2378 1091 2438; x_wconf 91' lang='lat' dir='ltr'><strong>bis</strong></span> <span class='ocrx_word' id='word_1_172' title='bbox 1113 2377 1209 2439; x_wconf 89' lang='lat' dir='ltr'><strong>verbis</strong></span> <span class='ocrx_word' id='word_1_173' title='bbox 1231 2377 1374 2439; x_wconf 89' lang='lat' dir='ltr'><strong>evincitur</strong></span> <span class='ocrx_word' id='word_1_174' title='bbox 1394 2379 1542 2441; x_wconf 90' lang='lat' dir='ltr'><strong>Nicolaum</strong></span> 
     </span>
     <span class='ocr_line' id='line_1_21' title="bbox 385 2478 1614 2567; baseline 0.006 -30"><span class='ocrx_word' id='word_1_175' title='bbox 385 2497 444 2538; x_wconf 90' lang='lat' dir='ltr'><strong>non</strong></span> <span class='ocrx_word' id='word_1_176' title='bbox 466 2478 599 2559; x_wconf 86' lang='lat' dir='ltr'><strong>Epitoma</strong></span> <span class='ocrx_word' id='word_1_177' title='bbox 622 2501 708 2543; x_wconf 94' lang='lat' dir='ltr'><strong>usum</strong></span> <span class='ocrx_word' id='word_1_178' title='bbox 731 2501 803 2544; x_wconf 87' lang='lat' dir='ltr'><strong>esse.</strong></span> <span class='ocrx_word' id='word_1_179' title='bbox 848 2501 915 2544; x_wconf 89' lang='lat' dir='ltr'><strong>oum</strong></span> <span class='ocrx_word' id='word_1_180' title='bbox 938 2481 1015 2543; x_wconf 91' lang='lat' dir='ltr'><strong>enim</strong></span> <span class='ocrx_word' id='word_1_181' title='bbox 1032 2480 1184 2541; x_wconf 90' lang='lat' dir='ltr'><strong>Alexandri</strong></span> <span class='ocrx_word' id='word_1_182' title='bbox 1207 2481 1246 2542; x_wconf 91' lang='lat' dir='ltr'><strong>sit</strong></span> <span class='ocrx_word' id='word_1_183' title='bbox 1267 2481 1437 2543; x_wconf 90' lang='lat' dir='ltr'><strong>elocutionis</strong></span> <span class='ocrx_word' id='word_1_184' title='bbox 1460 2501 1544 2562; x_wconf 90' lang='lat' dir='ltr'><strong>prae·</strong></span> <span class='ocrx_word' id='word_1_185' title='bbox 1612 2563 1614 2567; x_wconf 19' lang='grc' dir='ltr'>ι</span> 
     </span>
     <span class='ocr_line' id='line_1_22' title="bbox 385 2582 1543 2665; baseline 0.004 -24"><span class='ocrx_word' id='word_1_186' title='bbox 385 2582 477 2661; x_wconf 89' lang='lat' dir='ltr'><strong>ceptis</strong></span> <span class='ocrx_word' id='word_1_187' title='bbox 505 2603 596 2664; x_wconf 92' lang='lat' dir='ltr'><strong>pauca</strong></span> <span class='ocrx_word' id='word_1_188' title='bbox 623 2585 658 2645; x_wconf 88' lang='lat' dir='ltr'><strong>dc</strong></span> <span class='ocrx_word' id='word_1_189' title='bbox 686 2585 799 2646; x_wconf 89' lang='lat' dir='ltr'><strong>actione</strong></span> <span class='ocrx_word' id='word_1_190' title='bbox 827 2586 913 2647; x_wconf 89' lang='lat' dir='ltr'><strong>verba</strong></span> <span class='ocrx_word' id='word_1_191' title='bbox 941 2584 1098 2663; x_wconf 91' lang='lat' dir='ltr'><strong>adiungere</strong></span> <span class='ocrx_word' id='word_1_192' title='bbox 1125 2585 1174 2658; x_wconf 82' lang='lat' dir='ltr'><strong>(cl.</strong></span> <span class='ocrx_word' id='word_1_193' title='bbox 1197 2585 1233 2658; x_wconf 60' lang='grc' dir='ltr'><strong>ἐξ</strong></span> <span class='ocrx_word' id='word_1_194' title='bbox 1256 2583 1315 2645; x_wconf 88' lang='grc'><strong>136</strong></span> <span class='ocrx_word' id='word_1_195' title='bbox 1335 2603 1393 2663; x_wconf 91' lang='lat' dir='ltr'><strong>sq.,</strong></span> <span class='ocrx_word' id='word_1_196' title='bbox 1424 2585 1484 2650; x_wconf 86' lang='grc'><strong>196</strong></span> <span class='ocrx_word' id='word_1_197' title='bbox 1501 2605 1543 2665; x_wconf 94' lang='lat' dir='ltr'><strong>sq.</strong></span> 
     </span>
    </p>
   </div>
   <div class='ocr_carea' id='block_1_3' title="bbox 385 2685 1545 2974">
    <p class='ocr_par' dir='ltr' id='par_1_4' title="bbox 385 2685 1545 2974">
     <span class='ocr_line' id='line_1_23' title="bbox 386 2685 1545 2770; baseline 0.005 -27"><span class='ocrx_word' id='word_1_198' title='bbox 386 2693 416 2744; x_wconf 91' lang='grc'><strong>44</strong></span> <span class='ocrx_word' id='word_1_199' title='bbox 437 2685 503 2745; x_wconf 91' lang='lat' dir='ltr'><strong>adn.</strong></span> <span class='ocrx_word' id='word_1_200' title='bbox 520 2686 570 2748; x_wconf 85' lang='lat' dir='ltr'><strong>XV</strong></span> <span class='ocrx_word' id='word_1_201' title='bbox 583 2691 617 2764; x_wconf 76' lang='lat' dir='ltr'><strong>s),</strong></span> <span class='ocrx_word' id='word_1_202' title='bbox 641 2686 767 2749; x_wconf 90' lang='lat' dir='ltr'><strong>dubitari</strong></span> <span class='ocrx_word' id='word_1_203' title='bbox 788 2706 848 2749; x_wconf 93' lang='lat' dir='ltr'><strong>non</strong></span> <span class='ocrx_word' id='word_1_204' title='bbox 870 2696 975 2769; x_wconf 85' lang='lat' dir='ltr'><strong>potest,</strong></span> <span class='ocrx_word' id='word_1_205' title='bbox 998 2687 1070 2766; x_wconf 92' lang='lat' dir='ltr'><strong>quin</strong></span> <span class='ocrx_word' id='word_1_206' title='bbox 1090 2686 1228 2748; x_wconf 62' lang='lat' dir='ltr'><strong>,Nicolaus</strong></span> <span class='ocrx_word' id='word_1_207' title='bbox 1249 2687 1404 2751; x_wconf 90' lang='lat' dir='ltr'><strong>Alexandri</strong></span> <span class='ocrx_word' id='word_1_208' title='bbox 1426 2689 1461 2750; x_wconf 92' lang='lat' dir='ltr'><strong>de</strong></span> <span class='ocrx_word' id='word_1_209' title='bbox 1483 2689 1545 2770; x_wconf 92' lang='lat' dir='ltr'><strong>epi-</strong></span> 
     </span>
     <span class='ocr_line' id='line_1_24' title="bbox 385 2787 1360 2870; baseline 0.004 -24"><span class='ocrx_word' id='word_1_210' title='bbox 385 2787 450 2867; x_wconf 89' lang='lat' dir='ltr'><strong>logo</strong></span> <span class='ocrx_word' id='word_1_211' title='bbox 472 2799 657 2870; x_wconf 89' lang='lat' dir='ltr'><strong>praeceptum</strong></span> <span class='ocrx_word' id='word_1_212' title='bbox 681 2789 823 2870; x_wconf 89' lang='lat' dir='ltr'><strong>integrius</strong></span> <span class='ocrx_word' id='word_1_213' title='bbox 845 2809 932 2869; x_wconf 93' lang='lat' dir='ltr'><strong>quam</strong></span> <span class='ocrx_word' id='word_1_214' title='bbox 955 2789 1089 2870; x_wconf 87' lang='lat' dir='ltr'><strong>Epitome</strong></span> <span class='ocrx_word' id='word_1_215' title='bbox 1112 2790 1229 2852; x_wconf 88' lang='lat' dir='ltr'><strong>exhibet</strong></span> <span class='ocrx_word' id='word_1_216' title='bbox 1251 2791 1360 2870; x_wconf 87' lang='lat' dir='ltr'><strong>legerit.</strong></span> 
     </span>
     <span class='ocr_line' id='line_1_25' title="bbox 472 2891 1544 2974; baseline 0.003 -22"><span class='ocrx_word' id='word_1_217' title='bbox 472 2891 512 2972; x_wconf 93' lang='lat' dir='ltr'><strong>Sp</strong></span> <span class='ocrx_word' id='word_1_218' title='bbox 527 2893 567 2953; x_wconf 89' lang='lat' dir='ltr'><strong>IN</strong></span> <span class='ocrx_word' id='word_1_219' title='bbox 581 2895 643 2954; x_wconf 84' lang='lat'><strong>457</strong></span> <span class='ocrx_word' id='word_1_220' title='bbox 658 2925 683 2963; x_wconf 69' lang='lat'><strong>2⁵</strong></span> <span class='ocrx_word' id='word_1_221' title='bbox 695 2914 769 2974; x_wconf 84' lang='lat' dir='ltr'><strong>sqq,</strong></span> <span class='ocrx_word' id='word_1_222' title='bbox 792 2893 853 2955; x_wconf 89' lang='grc'><strong>458</strong></span> <span class='ocrx_word' id='word_1_223' title='bbox 868 2927 879 2963; x_wconf 78' lang='lat'>1</span> <span class='ocrx_word' id='word_1_224' title='bbox 893 2913 955 2973; x_wconf 93' lang='lat' dir='ltr'><strong>sqq.</strong></span> <span class='ocrx_word' id='word_1_225' title='bbox 970 2919 1013 2945; x_wconf 98' lang='lat'>=</span> <span class='ocrx_word' id='word_1_226' title='bbox 1026 2892 1063 2952; x_wconf 92' lang='lat' dir='ltr'>W</span> <span class='ocrx_word' id='word_1_227' title='bbox 1073 2893 1100 2953; x_wconf 94' lang='lat' dir='ltr'><strong>ll</strong></span> <span class='ocrx_word' id='word_1_228' title='bbox 1116 2892 1176 2954; x_wconf 88' lang='grc'><strong>583</strong></span> <span class='ocrx_word' id='word_1_229' title='bbox 1191 2925 1213 2966; x_wconf 82' lang='grc'><strong>4,</strong></span> <span class='ocrx_word' id='word_1_230' title='bbox 1228 2924 1255 2962; x_wconf 88' lang='lat' dir='ltr'><strong>lo</strong></span> <span class='ocrx_word' id='word_1_231' title='bbox 1269 2892 1421 2956; x_wconf 92' lang='lat' dir='ltr'><strong>Nicolaum</strong></span> <span class='ocrx_word' id='word_1_232' title='bbox 1444 2896 1544 2957; x_wconf 88' lang='lat' dir='ltr'><strong>eadem</strong></span> 
     </span>
    </p>
   </div>
   <div class='ocr_carea' id='block_1_4' title="bbox 385 2993 1548 4419">
    <p class='ocr_par' dir='ltr' id='par_1_5' title="bbox 385 2993 1547 3592">
     <span class='ocr_line' id='line_1_26' title="bbox 387 2993 1545 3060; baseline 0.006 -7"><span class='ocrx_word' id='word_1_233' title='bbox 387 2993 530 3056; x_wconf 87' lang='lat' dir='ltr'><strong>Theodori</strong></span> <span class='ocrx_word' id='word_1_234' title='bbox 553 2996 589 3058; x_wconf 91' lang='lat' dir='ltr'><strong>de</strong></span> <span class='ocrx_word' id='word_1_235' title='bbox 610 2997 785 3059; x_wconf 89' lang='lat' dir='ltr'><strong>narrationis</strong></span> <span class='ocrx_word' id='word_1_236' title='bbox 807 2997 966 3059; x_wconf 82' lang='lat' dir='ltr'><strong>virtutibus</strong></span> <span class='ocrx_word' id='word_1_237' title='bbox 994 2996 1081 3057; x_wconf 89' lang='lat' dir='ltr'><strong>verba</strong></span> <span class='ocrx_word' id='word_1_238' title='bbox 1108 3005 1138 3056; x_wconf 88' lang='lat' dir='ltr'><strong>et</strong></span> <span class='ocrx_word' id='word_1_239' title='bbox 1159 2995 1324 3057; x_wconf 88' lang='lat' dir='ltr'><strong>Aristotelis</strong></span> <span class='ocrx_word' id='word_1_240' title='bbox 1346 2998 1381 3058; x_wconf 91' lang='lat' dir='ltr'><strong>de</strong></span> <span class='ocrx_word' id='word_1_241' title='bbox 1403 2998 1545 3060; x_wconf 90' lang='lat' dir='ltr'><strong>brevitate</strong></span> 
     </span>
     <span class='ocr_line' id='line_1_27' title="bbox 385 3097 1546 3181; baseline 0.004 -24"><span class='ocrx_word' id='word_1_242' title='bbox 385 3097 481 3172; x_wconf 80' lang='lat' dir='ltr'><strong>verba,</strong></span> <span class='ocrx_word' id='word_1_243' title='bbox 512 3118 637 3178; x_wconf 92' lang='lat' dir='ltr'><strong>quorum</strong></span> <span class='ocrx_word' id='word_1_244' title='bbox 668 3111 801 3181; x_wconf 86' lang='lat' dir='ltr'><strong>excerpta</strong></span> <span class='ocrx_word' id='word_1_245' title='bbox 827 3100 851 3160; x_wconf 85' lang='grc' dir='ltr'>Ε</span> <span class='ocrx_word' id='word_1_246' title='bbox 873 3100 996 3175; x_wconf 81' lang='lat'><strong>§§103,</strong></span> <span class='ocrx_word' id='word_1_247' title='bbox 1015 3097 1074 3159; x_wconf 81' lang='lat'><strong>102</strong></span> <span class='ocrx_word' id='word_1_248' title='bbox 1101 3099 1251 3177; x_wconf 90' lang='lat' dir='ltr'><strong>leguntur,</strong></span> <span class='ocrx_word' id='word_1_249' title='bbox 1279 3108 1346 3161; x_wconf 90' lang='lat' dir='ltr'><strong>ante</strong></span> <span class='ocrx_word' id='word_1_250' title='bbox 1369 3101 1469 3162; x_wconf 90' lang='lat' dir='ltr'><strong>oculos</strong></span> <span class='ocrx_word' id='word_1_251' title='bbox 1492 3102 1546 3162; x_wconf 93' lang='lat' dir='ltr'><strong>ha·</strong></span> 
     </span>
     <span class='ocr_line' id='line_1_28' title="bbox 386 3200 1546 3283; baseline 0.003 -22"><span class='ocrx_word' id='word_1_252' title='bbox 386 3200 485 3262; x_wconf 90' lang='lat' dir='ltr'><strong>buisse</strong></span> <span class='ocrx_word' id='word_1_253' title='bbox 507 3203 694 3283; x_wconf 90' lang='lat' dir='ltr'><strong>perspicuum</strong></span> <span class='ocrx_word' id='word_1_254' title='bbox 719 3213 772 3266; x_wconf 91' lang='lat' dir='ltr'><strong>est.</strong></span> <span class='ocrx_word' id='word_1_255' title='bbox 818 3205 888 3266; x_wconf 88' lang='lat' dir='ltr'><strong>haec</strong></span> <span class='ocrx_word' id='word_1_256' title='bbox 903 3201 1048 3264; x_wconf 88' lang='lat' dir='ltr'><strong>Theodori</strong></span> <span class='ocrx_word' id='word_1_257' title='bbox 1072 3210 1101 3263; x_wconf 90' lang='lat' dir='ltr'><strong>et</strong></span> <span class='ocrx_word' id='word_1_258' title='bbox 1115 3200 1280 3262; x_wconf 88' lang='lat' dir='ltr'><strong>Aristotelis</strong></span> <span class='ocrx_word' id='word_1_259' title='bbox 1303 3203 1389 3264; x_wconf 81' lang='lat' dir='ltr'><strong>rerba</strong></span> <span class='ocrx_word' id='word_1_260' title='bbox 1411 3202 1546 3264; x_wconf 88' lang='lat' dir='ltr'><strong>aNeocle</strong></span> 
     </span>
     <span class='ocr_line' id='line_1_29' title="bbox 387 3303 1546 3386; baseline 0.003 -22"><span class='ocrx_word' id='word_1_261' title='bbox 387 3305 552 3366; x_wconf 89' lang='lat' dir='ltr'><strong>consociata</strong></span> <span class='ocrx_word' id='word_1_262' title='bbox 574 3325 638 3368; x_wconf 88' lang='lat' dir='ltr'><strong>esse</strong></span> <span class='ocrx_word' id='word_1_263' title='bbox 659 3308 734 3368; x_wconf 89' lang='lat' dir='ltr'><strong>infra</strong></span> <span class='ocrx_word' id='word_1_264' title='bbox 756 3306 914 3386; x_wconf 88' lang='lat' dir='ltr'><strong>adparcbit.</strong></span> <span class='ocrx_word' id='word_1_265' title='bbox 969 3324 1035 3367; x_wconf 89' lang='lat' dir='ltr'><strong>cum</strong></span> <span class='ocrx_word' id='word_1_266' title='bbox 1058 3304 1148 3384; x_wconf 87' lang='lat' dir='ltr'><strong>igitur</strong></span> <span class='ocrx_word' id='word_1_267' title='bbox 1168 3303 1318 3366; x_wconf 90' lang='lat' dir='ltr'><strong>Nicolaum</strong></span> <span class='ocrx_word' id='word_1_268' title='bbox 1341 3313 1371 3366; x_wconf 91' lang='lat' dir='ltr'><strong>et</strong></span> <span class='ocrx_word' id='word_1_269' title='bbox 1392 3304 1546 3368; x_wconf 87' lang='lat' dir='ltr'><strong>Alexandri</strong></span> 
     </span>
     <span class='ocr_line' id='line_1_30' title="bbox 386 3408 1547 3490; baseline 0.003 -22"><span class='ocrx_word' id='word_1_270' title='bbox 386 3408 453 3469; x_wconf 94' lang='lat' dir='ltr'><strong>libri</strong></span> <span class='ocrx_word' id='word_1_271' title='bbox 478 3417 509 3470; x_wconf 93' lang='lat' dir='ltr'><strong>et</strong></span> <span class='ocrx_word' id='word_1_272' title='bbox 529 3408 643 3471; x_wconf 89' lang='lat' dir='ltr'><strong>Neoclis</strong></span> <span class='ocrx_word' id='word_1_273' title='bbox 663 3410 731 3470; x_wconf 91' lang='lat' dir='ltr'><strong>libri</strong></span> <span class='ocrx_word' id='word_1_274' title='bbox 753 3419 843 3490; x_wconf 87' lang='lat' dir='ltr'><strong>parte,</strong></span> <span class='ocrx_word' id='word_1_275' title='bbox 873 3426 959 3487; x_wconf 91' lang='lat' dir='ltr'><strong>quam</strong></span> <span class='ocrx_word' id='word_1_276' title='bbox 983 3409 1038 3469; x_wconf 92' lang='lat' dir='ltr'><strong>Ars</strong></span> <span class='ocrx_word' id='word_1_277' title='bbox 1065 3408 1242 3481; x_wconf 90' lang='lat' dir='ltr'><strong>continebat,</strong></span> <span class='ocrx_word' id='word_1_278' title='bbox 1272 3427 1359 3469; x_wconf 91' lang='lat' dir='ltr'><strong>usum</strong></span> <span class='ocrx_word' id='word_1_279' title='bbox 1383 3409 1547 3490; x_wconf 89' lang='lat' dir='ltr'><strong>deprehen·</strong></span> 
     </span>
     <span class='ocr_line' id='line_1_31' title="bbox 388 3510 1546 3592; baseline 0.003 -21"><span class='ocrx_word' id='word_1_280' title='bbox 388 3511 526 3585; x_wconf 90' lang='lat' dir='ltr'><strong>derimus‚</strong></span> <span class='ocrx_word' id='word_1_281' title='bbox 550 3531 617 3573; x_wconf 91' lang='lat' dir='ltr'><strong>eum</strong></span> <span class='ocrx_word' id='word_1_282' title='bbox 640 3532 699 3574; x_wconf 91' lang='lat' dir='ltr'><strong>non</strong></span> <span class='ocrx_word' id='word_1_283' title='bbox 722 3512 786 3574; x_wconf 88' lang='lat' dir='ltr'><strong>iNos</strong></span> <span class='ocrx_word' id='word_1_284' title='bbox 805 3511 895 3572; x_wconf 93' lang='lat' dir='ltr'><strong>libros</strong></span> <span class='ocrx_word' id='word_1_285' title='bbox 911 3510 1015 3572; x_wconf 88' lang='lat' dir='ltr'><strong>adiisse</strong></span> <span class='ocrx_word' id='word_1_286' title='bbox 1031 3512 1082 3572; x_wconf 91' lang='lat' dir='ltr'><strong>sed</strong></span> <span class='ocrx_word' id='word_1_287' title='bbox 1096 3513 1196 3572; x_wconf 88' lang='lat' dir='ltr'><strong>Artem</strong></span> <span class='ocrx_word' id='word_1_288' title='bbox 1212 3529 1370 3592; x_wconf 90' lang='lat' dir='ltr'><strong>usurpasse</strong></span> <span class='ocrx_word' id='word_1_289' title='bbox 1385 3514 1546 3575; x_wconf 92' lang='lat' dir='ltr'><strong>credamus.</strong></span> 
     </span>
    </p>

    <p class='ocr_par' dir='ltr' id='par_1_6' title="bbox 388 3614 1548 4419">
     <span class='ocr_line' id='line_1_32' title="bbox 473 3614 1548 3694; baseline 0.003 -20"><span class='ocrx_word' id='word_1_290' title='bbox 473 3615 533 3675; x_wconf 91' lang='lat' dir='ltr'><strong>lam</strong></span> <span class='ocrx_word' id='word_1_291' title='bbox 563 3616 655 3677; x_wconf 88' lang='lat' dir='ltr'><strong>aliane</strong></span> <span class='ocrx_word' id='word_1_292' title='bbox 681 3616 760 3677; x_wconf 88' lang='lat' dir='ltr'><strong>Artis</strong></span> <span class='ocrx_word' id='word_1_293' title='bbox 793 3622 927 3694; x_wconf 88' lang='lat' dir='ltr'><strong>excerpta</strong></span> <span class='ocrx_word' id='word_1_294' title='bbox 961 3615 991 3676; x_wconf 93' lang='lat' dir='ltr'><strong>in</strong></span> <span class='ocrx_word' id='word_1_295' title='bbox 1020 3614 1130 3676; x_wconf 92' lang='lat' dir='ltr'><strong>Nicolai</strong></span> <span class='ocrx_word' id='word_1_296' title='bbox 1158 3614 1424 3694; x_wconf 82' lang='lat' dir='ltr'><strong>Progymnasmatis</strong></span> <span class='ocrx_word' id='word_1_297' title='bbox 1455 3615 1548 3678; x_wconf 90' lang='lat' dir='ltr'><strong>insint</strong></span> 
     </span>
     <span class='ocr_line' id='line_1_33' title="bbox 388 3717 1546 3797; baseline 0.003 -19"><span class='ocrx_word' id='word_1_298' title='bbox 388 3718 585 3797; x_wconf 89' lang='lat' dir='ltr'><strong>quaerendum</strong></span> <span class='ocrx_word' id='word_1_299' title='bbox 609 3728 662 3780; x_wconf 88' lang='lat' dir='ltr'><strong>est.</strong></span> <span class='ocrx_word' id='word_1_300' title='bbox 699 3719 735 3779; x_wconf 89' lang='lat' dir='ltr'><strong>de</strong></span> <span class='ocrx_word' id='word_1_301' title='bbox 757 3717 905 3779; x_wconf 90' lang='lat' dir='ltr'><strong>nonnullis</strong></span> <span class='ocrx_word' id='word_1_302' title='bbox 921 3717 1213 3797; x_wconf 86' lang='lat' dir='ltr'><strong>Progymnasmatum</strong></span> <span class='ocrx_word' id='word_1_303' title='bbox 1227 3717 1307 3788; x_wconf 88' lang='lat' dir='ltr'><strong>locis,</strong></span> <span class='ocrx_word' id='word_1_304' title='bbox 1330 3727 1403 3796; x_wconf 85' lang='lat' dir='ltr'><strong>quos</strong></span> <span class='ocrx_word' id='word_1_305' title='bbox 1418 3718 1449 3780; x_wconf 91' lang='lat' dir='ltr'><strong>in</strong></span> <span class='ocrx_word' id='word_1_306' title='bbox 1464 3738 1546 3781; x_wconf 90' lang='lat' dir='ltr'><strong>com-</strong></span> 
     </span>
     <span class='ocr_line' id='line_1_34' title="bbox 389 3819 1546 3902; baseline 0.003 -22"><span class='ocrx_word' id='word_1_307' title='bbox 389 3819 531 3881; x_wconf 90' lang='lat' dir='ltr'><strong>mentario</strong></span> <span class='ocrx_word' id='word_1_308' title='bbox 553 3821 589 3881; x_wconf 94' lang='lat' dir='ltr'><strong>ad</strong></span> <span class='ocrx_word' id='word_1_309' title='bbox 610 3821 633 3881; x_wconf 87' lang='lat' dir='ltr'>E</span> <span class='ocrx_word' id='word_1_310' title='bbox 656 3825 692 3897; x_wconf 59' lang='grc'><strong>64</strong></span> <span class='ocrx_word' id='word_1_311' title='bbox 707 3821 756 3896; x_wconf 80' lang='grc'><strong>26,</strong></span> <span class='ocrx_word' id='word_1_312' title='bbox 775 3822 824 3895; x_wconf 81' lang='lat'><strong>79,</strong></span> <span class='ocrx_word' id='word_1_313' title='bbox 841 3819 902 3881; x_wconf 81' lang='lat'><strong>233</strong></span> <span class='ocrx_word' id='word_1_314' title='bbox 924 3821 1116 3892; x_wconf 87' lang='lat' dir='ltr'><strong>laudavimus,</strong></span> <span class='ocrx_word' id='word_1_315' title='bbox 1144 3829 1257 3882; x_wconf 89' lang='lat' dir='ltr'><strong>certum</strong></span> <span class='ocrx_word' id='word_1_316' title='bbox 1280 3820 1337 3882; x_wconf 91' lang='lat' dir='ltr'><strong>dici</strong></span> <span class='ocrx_word' id='word_1_317' title='bbox 1359 3840 1417 3882; x_wconf 94' lang='lat' dir='ltr'><strong>non</strong></span> <span class='ocrx_word' id='word_1_318' title='bbox 1440 3831 1546 3902; x_wconf 90' lang='lat' dir='ltr'><strong>potest.</strong></span> 
     </span>
     <span class='ocr_line' id='line_1_35' title="bbox 388 3923 1546 4013; baseline 0.003 -29"><span class='ocrx_word' id='word_1_319' title='bbox 388 3941 483 4003; x_wconf 89' lang='lat' dir='ltr'><strong>neque</strong></span> <span class='ocrx_word' id='word_1_320' title='bbox 504 3931 602 3984; x_wconf 90' lang='lat' dir='ltr'><strong>autem</strong></span> <span class='ocrx_word' id='word_1_321' title='bbox 627 3925 747 3986; x_wconf 92' lang='lat' dir='ltr'><strong>dubium</strong></span> <span class='ocrx_word' id='word_1_322' title='bbox 771 3933 825 3998; x_wconf 89' lang='lat' dir='ltr'><strong>cst,</strong></span> <span class='ocrx_word' id='word_1_323' title='bbox 848 3924 919 4003; x_wconf 91' lang='lat' dir='ltr'><strong>quin</strong></span> <span class='ocrx_word' id='word_1_324' title='bbox 942 3932 972 3985; x_wconf 90' lang='grc'><strong>44</strong></span> <span class='ocrx_word' id='word_1_325' title='bbox 993 3924 1079 3985; x_wconf 88' lang='lat' dir='ltr'><strong>verba</strong></span> <span class='ocrx_word' id='word_1_326' title='bbox 1094 3926 1133 4004; x_wconf 89' lang='lat' dir='ltr'><strong>Sp</strong></span> <span class='ocrx_word' id='word_1_327' title='bbox 1148 3924 1189 3984; x_wconf 94' lang='lat' dir='ltr'><strong>lll</strong></span> <span class='ocrx_word' id='word_1_328' title='bbox 1204 3923 1302 4013; x_wconf 66' lang='lat' dir='ltr'><strong>4&#39;l320</strong></span> <span class='ocrx_word' id='word_1_329' title='bbox 1315 3925 1546 3996; x_wconf 68' lang='lat' dir='ltr'><strong>=W1161o³2</strong></span> 
     </span>
     <span class='ocr_line' id='line_1_36' title="bbox 388 4026 1546 4109; baseline 0.003 -24"><span class='ocrx_word' id='word_1_330' title='bbox 388 4044 424 4086; x_wconf 89' lang='lat' dir='ltr'><strong>cx</strong></span> <span class='ocrx_word' id='word_1_331' title='bbox 445 4026 523 4088; x_wconf 91' lang='lat' dir='ltr'><strong>Artis</strong></span> <span class='ocrx_word' id='word_1_332' title='bbox 545 4037 709 4108; x_wconf 89' lang='lat' dir='ltr'><strong>praecepto,</strong></span> <span class='ocrx_word' id='word_1_333' title='bbox 737 4027 814 4107; x_wconf 90' lang='lat' dir='ltr'><strong>quod</strong></span> <span class='ocrx_word' id='word_1_334' title='bbox 841 4026 982 4106; x_wconf 88' lang='lat' dir='ltr'><strong>integrius</strong></span> <span class='ocrx_word' id='word_1_335' title='bbox 1011 4027 1109 4103; x_wconf 81' lang='lat' dir='ltr'><strong>E§7</strong></span> <span class='ocrx_word' id='word_1_336' title='bbox 1133 4036 1273 4101; x_wconf 89' lang='lat' dir='ltr'><strong>servatur,</strong></span> <span class='ocrx_word' id='word_1_337' title='bbox 1296 4038 1413 4109; x_wconf 90' lang='lat' dir='ltr'><strong>sumpta</strong></span> <span class='ocrx_word' id='word_1_338' title='bbox 1436 4028 1495 4090; x_wconf 86' lang='lat' dir='ltr'><strong>sint</strong></span> <span class='ocrx_word' id='word_1_339' title='bbox 1517 4039 1546 4089; x_wconf 86' lang='lat' dir='ltr'><strong>et</strong></span> 
     </span>
     <span class='ocr_line' id='line_1_37' title="bbox 388 4128 1548 4212; baseline 0.003 -23"><span class='ocrx_word' id='word_1_340' title='bbox 388 4128 509 4209; x_wconf 91' lang='lat' dir='ltr'><strong>plurimi</strong></span> <span class='ocrx_word' id='word_1_341' title='bbox 537 4130 676 4192; x_wconf 91' lang='lat' dir='ltr'><strong>orationis</strong></span> <span class='ocrx_word' id='word_1_342' title='bbox 702 4131 830 4212; x_wconf 89' lang='lat' dir='ltr'><strong>partium</strong></span> <span class='ocrx_word' id='word_1_343' title='bbox 858 4131 943 4205; x_wconf 89' lang='lat' dir='ltr'><strong>fines,</strong></span> <span class='ocrx_word' id='word_1_344' title='bbox 968 4131 1018 4209; x_wconf 94' lang='lat' dir='ltr'><strong>qui</strong></span> <span class='ocrx_word' id='word_1_345' title='bbox 1040 4131 1071 4192; x_wconf 92' lang='lat' dir='ltr'><strong>in</strong></span> <span class='ocrx_word' id='word_1_346' title='bbox 1092 4130 1386 4211; x_wconf 85' lang='lat' dir='ltr'><strong>Progymnasmatum</strong></span> <span class='ocrx_word' id='word_1_347' title='bbox 1411 4131 1548 4210; x_wconf 88' lang='lat' dir='ltr'><strong>Prolego-</strong></span> 
     </span>
     <span class='ocr_line' id='line_1_38' title="bbox 389 4234 1547 4316; baseline 0.003 -24"><span class='ocrx_word' id='word_1_348' title='bbox 389 4234 483 4294; x_wconf 88' lang='lat' dir='ltr'><strong>menis</strong></span> <span class='ocrx_word' id='word_1_349' title='bbox 500 4243 719 4306; x_wconf 89' lang='lat' dir='ltr'><strong>enumerantur,</strong></span> <span class='ocrx_word' id='word_1_350' title='bbox 735 4235 828 4296; x_wconf 88' lang='lat' dir='ltr'><strong>eidem</strong></span> <span class='ocrx_word' id='word_1_351' title='bbox 846 4234 909 4296; x_wconf 93' lang='lat' dir='ltr'><strong>Arti</strong></span> <span class='ocrx_word' id='word_1_352' title='bbox 924 4234 1092 4295; x_wconf 87' lang='lat' dir='ltr'><strong>debeantur.</strong></span> <span class='ocrx_word' id='word_1_353' title='bbox 1123 4234 1283 4296; x_wconf 87' lang='lat' dir='ltr'><strong>Finckhius</strong></span> <span class='ocrx_word' id='word_1_354' title='bbox 1300 4235 1547 4316; x_wconf 65' lang='grc'><strong>8411145018-</strong></span> 
     </span>
     <span class='ocr_line' id='line_1_39' title="bbox 390 4336 1548 4419; baseline 0.003 -23"><span class='ocrx_word' id='word_1_355' title='bbox 390 4336 448 4396; x_wconf 83' lang='lat'><strong>451</strong></span> <span class='ocrx_word' id='word_1_356' title='bbox 465 4369 478 4406; x_wconf 65' lang='lat'><strong>5</strong></span> <span class='ocrx_word' id='word_1_357' title='bbox 497 4336 571 4398; x_wconf 90' lang='lat' dir='ltr'><strong>hanc</strong></span> <span class='ocrx_word' id='word_1_358' title='bbox 587 4338 836 4399; x_wconf 88' lang='lat' dir='ltr'><strong>enumerationem</strong></span> <span class='ocrx_word' id='word_1_359' title='bbox 852 4358 887 4399; x_wconf 89' lang='lat' dir='ltr'><strong>ex</strong></span> <span class='ocrx_word' id='word_1_360' title='bbox 902 4337 1055 4419; x_wconf 79' lang='lat' dir='ltr'><strong>anonymis</strong></span> <span class='ocrx_word' id='word_1_361' title='bbox 1069 4338 1229 4418; x_wconf 88' lang='lat' dir='ltr'><strong>Aphthonii</strong></span> <span class='ocrx_word' id='word_1_362' title='bbox 1244 4338 1466 4400; x_wconf 85' lang='lat' dir='ltr'><strong>scholiiszlli</strong></span> <span class='ocrx_word' id='word_1_363' title='bbox 1480 4366 1548 4408; x_wconf 73' lang='lat'><strong>17-</strong></span> 
     </span>
    </p>
   </div>
   <div class='ocr_carea' id='block_1_5' title="bbox 0 0 1811 5262">
    <p class='ocr_par' dir='ltr' id='par_1_7' title="bbox 0 0 1811 5262">
     <span class='ocr_line' id='line_1_40' title="bbox 0 0 1811 5262; baseline 0 0"><span class='ocrx_word' id='word_1_364' title='bbox 0 0 1811 5262; x_wconf 95' lang='lat' dir='ltr'><strong> </strong></span> 
     </span>
    </p>
   </div>
  </div>
 </body>
</html>
