3586 5260
727 441 926 506 ..3,

351 616 380 679 8.
412 655 456 664 —
483 653 527 663 -
548 653 589 664 —
611 617 735 681 τοπικά
760 618 796 682 δέ
820 623 984 702 προοίμια
1002 612 1249 703 Ἁρποκρατίων
1271 619 1354 702 φησί
1376 619 1418 682 τά

246 720 473 804 περιστατικά.

350 822 380 884 9.
414 859 456 870 -
477 859 518 870 -
541 860 583 870 —
606 823 730 899 σκοπὸς
752 826 789 889 δέ
811 830 869 891 τοῦ
891 831 1072 911 προοιμίου
1095 826 1132 891 ed
1155 824 1285 891 necorde
1305 851 1415 908 παρα-

242 923 400 989 σκευάσαι
427 925 485 991 τδν
515 923 689 1011 ἀκροατήν,
718 926 808 1004 τέλος
837 930 874 994 δὲ
900 931 935 995 τὸ
960 931 1128 1015 προσοχὴν
1149 932 1205 994 καὶ
1229 926 1417 1014 εὐμάθειαν

208 1029 299 1090 5καί
322 1025 456 1093 εὔνοιαν
478 1027 750 1112 ἀπεργάσασθαι.

329 1135 377 1194 16.
412 1169 453 1179 —-
479 1169 522 1179 —
548 1171 591 1179 -
619 1135 743 1210 εἰδότες
764 1136 826 1219 γὰρ
849 1133 880 1200 οἰ
904 1133 1075 1211 ἀκούοντες
1098 1137 1175 1218 περὶ
1199 1129 1243 1200 ὦν
1266 1133 1298 1200 οὐ
1321 1135 1414 1216 λόγοι

243 1232 481 1318 εὐμαθέστεροι
497 1237 700 1321 γενήσονται.
732 1234 920 1322 εὐμάθειαν
937 1239 974 1302 δὲ
991 1251 1086 1303 ποιεί
1101 1241 1315 1325 προέκθεσις,
1333 1235 1414 1302 ἀνα-

241 1342 371 1415 νέωσις,
400 1336 567 1424 μερισμός.
616 1344 664 1426 11.
699 1346 902 1425 προέκθεσις
925 1347 985 1426 μέν
1012 1342 1114 1419 ἐστιν,
1148 1337 1227 1407 ὅταν
1256 1337 1277 1404 ἀ
1304 1341 1416 1424 μέλλει

241 1465 291 1515 τις
319 1441 426 1521 λέγειν
454 1441 496 1517 ως
523 1442 559 1507 έν
585 1445 753 1529 κεφαλαίῳ
782 1449 1003 1530 προεκθῆται,
1033 1444 1075 1521 ὠς
1108 1445 1295 1530 [Αἰσχίνης]
1326 1445 1417 1509 (ἐπι-

191 1551 223 1604 10
243 1546 339 1619 δείξω
364 1546 401 1610 δέ
423 1550 478 1608 καί
501 1546 557 1611 τὸν
581 1545 686 1631 ἀνδρα
710 1545 844 1622 ἀνάξιον
864 1551 989 1633 δωρεάς
1004 1553 1059 1612 καὶ
1074 1550 1111 1614 τὸ
1127 1545 1290 1636 ψήφισμα
1305 1546 1416 1632 παρά-

240 1669 363 1732 νομον>.
396 1652 444 1712 12.
463 1646 644 1725 ἀνανέωσις
659 1651 697 1714 δέ
715 1651 858 1736 (ἐστιν),
876 1650 955 1717 ὅταν
972 1651 1260 1738 ἀναλαμβάνοντες
1275 1653 1316 1716 τὰ
1331 1674 1417 1735 προ-

242 1756 396 1835 ειρημένα
412 1754 483 1838 εἴδη
502 1755 579 1836 περὶ
595 1750 641 1819 ὦν
656 1755 763 1834 λέγειν
778 1755 938 1840 μέλλομεν
954 1758 1167 1840 διορίσωμεν,
1191 1755 1233 1831 uic·
1252 1759 1417 1840 Αἰσχίνης

241 1856 276 1920 έν
302 1859 347 1941 τῷ
370 1857 453 1920 κατὰ
479 1856 648 1941 Τιμάρχου
673 1861 705 1940 (§
724 1861 800 1942 116)
823 1862 912 1942 <περὶ
938 1861 999 1943 μὲν
1021 1857 1080 1926 οὐν
1101 1860 1176 1935 τούς
1198 1860 1339 1934 πολίτας
1361 1861 1416 1922 καί

240 1961 316 2036 τούς
347 1964 488 2037 οἰκείους
522 1961 591 2036 οίος
624 1967 812 2048 γεγένηται,
853 1965 908 2026 καὶ
941 1965 1000 2048 τὴν
1033 1961 1191 2049 πατρηίαν
1225 1959 1341 2026 οὐσίαν
1374 1959 1416 2036 τίς

191 2059 568 2147 15αἰσχρῶςάνάλωκε,
592 2067 647 2129 καὶ
669 2065 728 2151 τήν
750 2064 846 2150 ὕβριν
869 2070 916 2142 εἰς
938 2067 974 2131 τὸ
997 2064 1098 2133 αὐτοῦ
1121 2069 1217 2150 σῶμα
1237 2064 1332 2149 ὐμεΐς
1347 2069 1417 2130 ἴστε

241 2170 297 2230 καὶ
321 2167 439 2244 ίκανάς
462 2167 545 2252 ὑμᾶς
568 2166 749 2255 ἀνέμνησεν
771 2169 790 2236 ὁ
813 2173 891 2253 παρ’
915 2170 973 2254 ἐμὲ
994 2169 1105 2249 λόγος·
1144 2167 1204 2234 δάο
1228 2169 1265 2233 δέ
1285 2192 1343 2252 μοι
1359 2167 1417 2243 τάς

242 2277 438 2357 κατηγορίας
460 2274 627 2337 λείπεται>
641 2277 697 2337 καὶ
720 2274 800 2357 ἑξῆς.
849 2275 896 2337 13.
931 2274 1092 2357 μερισμὸς
1107 2275 1152 2338 δέ’
1164 2274 1255 2338 ἐστιν
1271 2275 1318 2347 εἰς
1333 2275 1414 2357 μέρη

241 2377 430 2461 περιγραφὴ
461 2380 525 2442 τῶν
551 2373 636 2442 ὅλων
664 2376 830 2460 πράξεων,
864 2376 907 2454 uic
934 2383 1118 2464 πεποίηκεν
1143 2375 1161 2442 δ
1191 2375 1411 2462 Δημοσθένης

170 2482 300 2561 419119
322 2482 390 2563 §di
420 2480 597 2563 <βοάλομαι
621 2482 658 2546 δὲ
680 2481 764 2566 ὐμᾶς
787 2480 988 2567 ἀναμνῆσαι,
1012 2487 1111 2547 τίνων
1133 2480 1292 2566 προσήκει
1316 2478 1415 2561 λόγον

188 2590 223 2642 20
241 2583 333 2666 παρά
356 2588 559 2670 πρεσβευτοῦ
581 2585 709 2669 λαβεῖν·
752 2587 965 2671 πρῶτονμὲν
988 2579 1032 2650 ὧν
1049 2584 1240 2670 ἀπήγγειλε,
1264 2582 1416 2667 δεύτερον

241 2687 278 2750 δέ
301 2681 346 2752 ὧν
368 2687 506 2773 ἔπραξε>
526 2691 582 2753 καὶ
605 2689 685 2774 ἑξῆς.
726 2688 833 2755 ἰστέον
855 2687 893 2754 δὲ
909 2689 951 2765 ὡς
966 2689 1126 2775 μερισμὸς
1142 2691 1196 2753 καὶ
1213 2692 1414 2772 προέκθεσις

241 2791 296 2852 καί
319 2789 354 2855 έν
377 2788 459 2881 ἀρχῇ
480 2796 539 2856 τοῦ
561 2789 659 2872 λόγου
682 2791 999 2878 παραληφθήσεται,
1023 2791 1205 2868 ἀνανέωσις
1231 2793 1268 2857 δὲ
1291 2789 1413 2857 οὐκέτι·

240 2895 305 2956 τῶν
327 2893 388 2979 γάρ
411 2895 454 2979 μη
478 2899 726 2980 προειρημένων
748 2894 807 2960 οὐκ
830 2897 921 2962 ἐστιν
943 2894 1133 2972 ἀνανέωσις.

310 3021 326 3089 6
345 3025 360 3074 9
379 3024 424 3075 hh
442 3026 526 3077 Nicol.
544 3025 578 3091 Sp
591 3024 623 3076 111
641 3027 690 3077 450
704 3043 782 3080 eo-us

310 3175 519 3241 4προσέχεινΡ
539 3192 576 3226 em
589 3176 673 3228 Nicol.
727 3176 873 3248 8μέίληΡ
892 3193 929 3228 em
943 3178 975 3243 Sp
1022 3169 1294 3248 9προεκθήσεταιΡ
1312 3174 1414 3239 οωθος

243 3238 253 3306 ss
282 3243 417 3309 Αἰσχίνης
434 3243 476 3293 del
494 3242 551 3295 Wil
799 3261 802 3266 ·

290 3363 326 3439 ’6
345 3366 359 3415 9
377 3362 522 3424 σκοπὸς.
536 3369 647 3424 ,τέλος
665 3366 735 3418 Sext.
754 3367 823 3433 Emp.
837 3369 893 3418 edv.
908 3368 983 3418 bioth.
998 3367 1019 3418 lt
1037 3369 1066 3418 61
1085 3363 1214 3432 Ἀρίστων
1231 3364 1246 3418 ὁ
1264 3363 1414 3437 Κριτολάου

241 3449 380 3503 γνωριμος
401 3429 508 3485 σκοπὸν
525 3435 576 3502 μὲν
592 3435 736 3488 &custodat
753 3452 839 3504 φησιν
856 3433 922 3506 αὐτῇ
940 3436 984 3506 (τῇ
1002 3436 1141 3508 ῥητορικῇ)
1159 3433 1207 3499 τὴν
1225 3429 1322 3499 πειθώ,
1343 3435 1416 3492 τέλος

243 3500 274 3554 dt
292 3498 322 3550 τὸ
342 3506 434 3568 τυχεῖν
451 3501 497 3567 τῆς
515 3504 637 3560 πειθοῦς.
690 3503 723 3569 ἕξ
744 3505 841 3556 10-13
861 3522 874 3554 e
897 3510 1001 3555 rhetore
1024 3505 1177 3566 (Cornutott
1200 3505 1241 3569 qui
1263 3503 1365 3555 Neociis
1384 3504 1413 3554 de

242 3572 372 3638 προθέσει
394 3570 426 3636 66
446 3572 579 3624 161-168
597 3579 656 3623 ente
675 3573 762 3623 oculos
781 3574 878 3636 hebuit,
902 3589 979 3639 oeque
999 3589 1060 3624 vero
1080 3589 1093 3622 e
1112 3571 1208 3623 Neocie
1228 3574 1282 3638 ipso
1302 3573 1414 3638 scriptae

243 3655 299 3689 esse
318 3639 443 3689 videntur.
479 3639 495 3703 6
515 3640 546 3690 tu
568 3635 699 3698 εἰδότες
721 3637 783 3712 γάρ
805 3641 857 3692 esd
876 3643 1002 3692 simillime
1022 3649 1081 3691 suut
1100 3641 1187 3691 verbis
1206 3640 1310 3691 Neoclis
1328 3641 1414 3706 5162,

242 3709 307 3757 uude
326 3709 434 3771 colliges
457 3710 535 3758 verbu
557 3709 618 3775 §10
642 3707 743 3765 εἰδότες
764 3710 807 3762 κτὲ
830 3719 887 3775 post
910 3713 1015 3762 verboru
1035 3709 1205 3780 προεκθῆται
1222 3709 1238 3775 ξ
1253 3711 1279 3759 11
1301 3709 1412 3774 ponende

242 3791 307 3839 esse,
331 3779 373 3826 sed
398 3778 588 3840 epitomatorem
610 3779 767 3828 enuntiatum
791 3789 849 3831 eote
874 3780 977 3828 verbum
997 3769 1094 3832 εἰδότες
1112 3779 1238 3828 excidisse
1256 3777 1414 3844 probabilius

243 3852 291 3908 est,
309 3860 357 3910 quo
377 3847 461 3896 cedern
480 3844 535 3897 iere
554 3847 751 3898 continebuntur
770 3864 832 3913 quse
847 3848 919 3896 Dion.
934 3847 1037 3897 exhibet
1049 3849 1080 3897 de
1093 3846 1154 3913 Lys.
1168 3847 1189 3898 V
1203 3848 1249 3897 501
1267 3863 1278 3898 c
1293 3847 1321 3897 ed
1337 3845 1363 3894 h.
1377 3847 1415 3901 είς

240 3930 271 3980 γε
284 3910 313 3963 τδ
330 3907 459 3979 εὐμαθεῖς
470 3912 533 3970 τοὺς
544 3908 677 3982 ἀκροατάς
691 3918 806 3980 ποιῆσαι
815 3905 950 3967 κελεύουσι
960 3915 999 3977 (ol
1007 3905 1198 3998 τεχνογράφοι)
1210 3918 1415 3980 συστρέψαντας

241 3984 328 4035 εἰπεῖν
338 3980 367 4033 τὸ
380 3981 501 4063 πρᾶηηια.
539 3981 560 4032 li
580 3984 647 4033 Proh.
668 3986 698 4033 de
716 3981 768 4033 Iuv.
784 3985 816 4034 W
831 3982 874 4034 Vll
891 3984 923 4034 66
938 3999 950 4038 r
968 3988 1072 4048 γίνεται
1086 3989 1227 4051 ευμαθεια,
1246 3978 1415 4049 ὅτανσαφῶς

241 4051 417 4120 παριστῶμεν
435 4068 463 4101 το
481 4051 598 4118 πρᾶγμα
617 4053 680 4120 περὶ
697 4040 729 4102 οὐ
745 4055 881 4117 μέλλομεν
896 4055 1041 4103 ποιεῖσθαι
1054 4043 1203 4118 τὸνλόγον.
1235 4050 1266 4101 ei.
1280 4050 1366 4116 Quint.
1379 4049 1412 4100 lv

245 4123 254 4171 ί
270 4136 305 4181 τι,
324 4120 376 4170 Cic.
391 4122 420 4170 de
433 4118 510 4171 iuml
527 4119 598 4185 §he
617 4120 713 4170 Corui
732 4120 783 4186 §i
815 4121 830 4186 ξ
845 4125 873 4173 11
894 4122 975 4171 locum
994 4121 1105 4170 edietum
1119 4118 1273 4177 ἐπιδείξω
1285 4118 1338 4170 κτὲ
1349 4117 1415 4169 huud

242 4189 369 4238 diversum
389 4205 447 4239 esse
460 4188 491 4238 ab
503 4191 587 4239 eltero
599 4203 694 4253 eorum,
714 4191 756 4254 qui
775 4189 807 4255 ἓξ
822 4191 868 4239 167
880 4205 916 4254 sq.
935 4197 962 4238 ut
975 4190 1132 4258 προθέσεως
1144 4188 1257 4253 exemplu
1270 4189 1415 4250 laudentur,

243 4255 299 4306 Wil
318 4259 444 4320 coguovit.
475 4257 654 4308 Demosthenis
673 4258 753 4321 igitur
771 4266 815 4308 eut
827 4258 940 4324 Lycurgi
959 4273 1047 4307 nomeu
1064 4265 1120 4323 post
1132 4257 1284 4322 perticulam
1297 4252 1336 4313 ὡς
1353 4255 1369 4322 ξ
1384 4258 1411 4307 11

242 4325 415 4388 intercidisse,
432 4334 484 4376 tutu
498 4327 616 4392 aliquem,
634 4327 677 4391 qui
691 4327 768 4377 verbs
783 4325 907 4385 ἐπιδείξω
919 4324 962 4376 κτὲ
974 4341 987 4374 e
1000 4326 1180 4391 Ctesiphontes
1194 4333 1291 4391 sumpts
1304 4330 1415 4401 putaret,

243 4409 330 4443 nomeu
346 4396 481 4444 Aeschinis
500 4395 642 4446 inseruisse
661 4396 717 4445 veri
737 4396 821 4445 simile
839 4403 879 4445 est
917 4395 977 4459 §13
997 4396 1068 4444 locus
1088 4393 1264 4459 uein.1tt§4
1283 4397 1415 4459 προθεσις

242 4477 299 4513 esse
318 4481 332 4513 n
353 4463 446 4513 Neocle
466 4463 561 4515 dicitur
579 4463 595 4529 ξ
611 4465 666 4514 166.

1222 4547 1255 4604 1*
