3590 5262
834 328 1076 393 -LVI—

418 514 447 585 (Q
464 508 517 589 52)
533 503 631 570 (ἀλλὰ
647 502 822 587 πορεύεται
839 504 897 568 διὰ
911 505 968 589 τῆς
983 500 1108 587 ἆγοροῖς
1123 499 1230 589 ὥςπερ
1251 503 1318 585 ἔχις
1333 501 1353 588 ἢ
1369 508 1540 589 σκορπίος,

419 609 457 674 τὸ
480 613 611 693 κέντρον
635 604 750 692 ἦρκοὶς,
774 605 878 687 ᾄττων
900 608 996 692 δεῦρο
1020 604 1173 671 coleston.

376 716 540 778 Comutum
574 715 652 776 enim
688 714 818 776 secundo
851 715 924 808 loco,
958 733 1017 793 quo
1050 713 1086 774 de
1120 712 1236 794 energia
1269 723 1367 794 ageret
1388 715 1412 776 E
1432 719 1449 790 ξ
1472 716 1541 788 111,

377 821 402 881 ci
425 819 592 900 exemplum
617 817 798 899 adposuisse,
820 818 918 898 priore
940 817 1004 878 loco
1026 816 1139 892 E§96
1161 818 1394 898 praetermisisse
1416 837 1542 880 cousen-

376 932 494 985 taneum
522 941 582 984 non
610 929 669 995 est,
698 923 747 983 scd
777 921 1000 1003 epitomatorem
1029 921 1078 982 hic
1099 921 1266 1002 exemplum
1289 922 1450 984 resecuisse
1472 941 1542 1003 pro-

375 1025 499 1087 babilius
522 1035 574 1088 est.
619 1025 744 1086 eundem
768 1025 890 1088 Cornuti
914 1026 949 1086 de
971 1025 1086 1104 energia
1108 1025 1196 1086 verba
1218 1025 1253 1086 dc
1277 1045 1329 1087 sua
1351 1027 1419 1087 sede
1441 1044 1542 1087 remo-

375 1129 452 1190 visse
479 1129 653 1191 conicimus.
699 1149 734 1190 ex
762 1148 795 1190 eo
822 1129 917 1204 enim,
946 1128 1025 1208 quod
1048 1129 1177 1206 energia,
1212 1147 1286 1208 quae
1320 1149 1336 1190 a
1366 1129 1541 1209 quibusdam

376 1233 407 1294 in
429 1251 555 1294 numero
578 1232 755 1294 narrationis
771 1232 913 1294 virtutum
939 1232 1055 1294 ducitur
1076 1230 1126 1310 (cl.
1139 1231 1241 1304 Quint.
1257 1233 1294 1293 lV
1309 1232 1328 1292 2
1342 1237 1390 1309 0³),
1412 1231 1541 1293 necessi-

377 1338 510 1400 tudinem
535 1338 681 1417 quandam
705 1355 772 1398 cum
787 1335 969 1398 iucunditate
984 1345 1014 1398 et
1028 1335 1242 1415 magnificentia
1257 1335 1354 1410 hahet,
1378 1335 1540 1397 Cornutum

376 1452 529 1522 praecepta
561 1441 595 1502 de
627 1439 742 1519 energia
777 1440 812 1500 de
839 1439 1021 1501 iucunditate
1048 1438 1084 1499 de
1115 1439 1328 1518 magnificentia
1355 1440 1434 1513 data,
1468 1459 1542 1518 quae

377 1545 453 1626 apud
475 1543 689 1617 Quintilianum
706 1543 743 1603 lV
758 1545 777 1605 2
792 1577 831 1617 119
846 1562 909 1623 sqq.
932 1543 1030 1623 ipsum
1054 1561 1170 1621 quoque
1192 1543 1347 1605 coniuncta
1370 1551 1453 1616 sunt,
1483 1561 1542 1604 non

378 1667 527 1728 separasse
556 1647 769 1709 concludimus.
818 1648 890 1710 ordo
919 1646 1009 1726 igitur
1036 1645 1235 1707 credibilitatis
1262 1654 1485 1728 praeceptorum
1511 1645 1542 1707 in

380 1749 501 1812 Cornuti
528 1751 597 1812 Arte
623 1751 671 1812 hic
700 1751 790 1812 luisse
817 1751 941 1812 videtur.
985 1749 1115 1829 primum
1142 1758 1281 1829 quattuor
1308 1749 1402 1822 modi,
1435 1749 1543 1829 quibus

377 1854 474 1916 omnia
497 1855 572 1915 veris
594 1854 790 1917 assimulanda
812 1863 924 1929 essent,
954 1852 1175 1933 exponebantur
1197 1853 1232 1934 (u
1248 1857 1286 1928 §Q
1303 1838 1455 1929 99-93),
1479 1861 1541 1914 tum

376 1964 516 2037 quattuor
527 1957 598 2018 aliae
614 1977 661 2020 res
678 1959 898 2021 credibilitatem
915 1957 1074 2020 efficientes
1091 1966 1278 2019 enumeratae
1293 1966 1365 2019 sunt
1388 1957 1422 2034 (E
1438 1960 1475 2031 ἓξ
1492 1954 1542 2028 94,

377 2061 428 2134 95,
453 2061 503 2134 97,
527 2059 595 2139 98),
619 2058 749 2142 'denique
776 2062 909 2141 energiae
940 2060 1131 2123 iucunditatis
1162 2060 1404 2141 magnificientiae
1433 2059 1544 2122 mentio

376 2166 451 2226 facta
474 2172 518 2224 est
540 2164 575 2242 (li
591 2167 629 2240 ἐξ
646 2165 699 2238 96,
724 2166 778 2240 99,
806 2165 885 2243 100).
930 2164 961 2226 in
984 2164 1107 2226 Cornuti
1128 2164 1198 2226 Arte
1220 2164 1384 2246 praeceptis
1406 2163 1542 2225 iucundi-

376 2267 444 2329 tatis
473 2275 502 2328 et
530 2267 761 2347 magnificentiae
789 2269 931 2348 quaedam
960 2268 1046 2329 verba
1068 2270 1229 2349 praemissa
1252 2288 1329 2343 esse,
1360 2268 1468 2348 quibus
1490 2268 1545 2329 hae

376 2370 504 2433 multum
525 2370 560 2431 ad
577 2371 800 2434 credibilitatem
816 2375 950 2433 conterre
966 2371 1142 2444 dicerentur,
1165 2391 1252 2453 supra
1268 2371 1543 2434 demonstravimus.

376 2483 476 2536 utrum
512 2473 573 2534 sola
607 2474 694 2535 verba
725 2483 875 2555 συνεργεῖ
907 2473 945 2538 δὲ
978 2473 1062 2559 πρὸς
1096 2473 1209 2536 πειθώ
1244 2473 1299 2536 καὶ
1325 2471 1348 2559 ἡ
1373 2470 1476 2560 ἡδονή
1501 2510 1543 2518 -

371 2585 527 2657 συνεργεῖ
548 2574 586 2638 δὲ
608 2575 693 2660 πρὸς
715 2575 831 2639 πειθὼ
855 2576 909 2639 καὶ
926 2573 945 2661 ἦ
961 2575 1245 2663 μεγαλοπρέπεια,
1268 2600 1343 2660 quae
1357 2579 1442 2640 initio
1457 2597 1542 2659 prae·

377 2680 455 2760 cepti
484 2680 520 2741 dc
548 2679 663 2758 energia
687 2681 746 2742 dati
768 2683 962 2762 respondent,
992 2701 1030 2743 an
1056 2683 1197 2763 longiora,
1228 2685 1322 2764 qualia
1346 2683 1542 2757 Quintilianus

377 2785 415 2845 lV
431 2783 449 2844 3
465 2815 509 2862 110,
529 2815 570 2854 ηε
592 2783 719 2858 exhibet,
743 2784 772 2845 in
797 2784 920 2848 Cornuti
942 2788 1011 2848 Arte
1033 2787 1185 2849 extiterint
1206 2787 1352 2849 incertum
1375 2795 1429 2848 est.

462 2885 619 2968 Praecepta
649 2887 684 2948 de
710 2889 886 2950 narrationis
915 2889 1072 2952 virtutibus
1099 2891 1162 2953 data
1190 2893 1221 2952 in
1243 2890 1377 2972 lipitoma
1400 2890 1545 2952 liniuntur

377 2989 518 3071 particula
535 2993 572 3066 ἕξ
590 2990 765 3065 101-104,
788 3011 845 3072 qua
861 2992 930 3072 quid
954 2993 1062 3073 singuli
1083 2995 1215 3057 rhetores
1238 2996 1273 3056 de
1295 3013 1420 3056 numero
1441 3012 1544 3055 narra-

379 3094 468 3156 tionis
490 3094 633 3157 virtutum
662 3095 816 3157 docuerint
837 3097 1001 3176 exponitur.
1045 3106 1075 3166 et
1095 3081 1206 3160 Nicolai
1227 3099 1308 3159 locus
1332 3099 1372 3179 Sp
1387 3099 1427 3158 lll
1442 3098 1503 3158 457
1520 3128 1545 3166 25

377 3196 757 3273 -458,=W115831‚
780 3200 815 3260 ad
838 3219 925 3279 quem
950 3200 1193 3262 conscribendum
1220 3201 1343 3263 Cornuti
1358 3200 1437 3263 Artis
1458 3199 1544 3262 verba

379 3300 507 3362 adhibita
538 3309 623 3376 sunt,
654 3312 684 3363 et
709 3302 796 3364 verba
819 3303 993 3376 Quintiliani
1012 3304 1048 3364 lV
1064 3303 1083 3364 2
1098 3335 1130 3382 γε,
1145 3336 1178 3382 ⁶1,
1191 3336 1231 3378 03,
1259 3323 1346 3384 quem
1374 3305 1419 3366 vel
1441 3303 1545 3365 Neocle

380 3402 425 3464 rel
452 3404 515 3465 eius
542 3413 662 3467 auctore
685 3424 772 3466 usum
796 3425 859 3468 esse
882 3406 1086 3486 cognovimus,
1114 3426 1181 3469 cum
1205 3408 1259 3469 hac
1281 3408 1432 3488 Epitomes
1454 3407 1546 3490 parti-

381 3507 445 3568 cula
468 3508 644 3570 conterenda
669 3518 746 3571 sunt.
786 3529 843 3589 qua
866 3529 899 3571 re
921 3509 1144 3590 epitomatorem
1168 3510 1282 3572 Neoclis
1304 3512 1391 3574 verba
1413 3512 1444 3572 iu
1466 3512 1545 3572 hunc

381 3608 504 3671 Cornuti
525 3610 604 3672 Artis
626 3611 723 3673 locum
755 3613 945 3694 transscripta
967 3614 1135 3675 foedissime
1157 3615 1326 3678 confudisse
1349 3615 1420 3677 satis
1442 3617 1544 3690 elucet,

380 3721 410 3775 at
432 3732 534 3775 eorum
556 3714 705 3777 restitutio
728 3717 864 3797 temptari
886 3736 945 3778 non
967 3725 1074 3798 potest.

465 3815 580 3878 Pariter
595 3818 809 3899 desperandum
825 3832 871 3883 cst
886 3822 992 3882 damna
1006 3822 1155 3902 proximae
1168 3821 1317 3902 Epitomes
1331 3821 1422 3902 partis
1438 3825 1474 3897 ἐξ
1488 3823 1546 3883 105

382 3920 497 3993 -111,
524 3939 582 4000 qua
612 3923 688 4003 tropi
716 3923 891 3985 narrationis
920 3933 1096 4001 tractantur,
1125 3944 1266 4005 umquam
1297 3926 1426 4006 suppleri
1452 3945 1548 4006 posse.

382 4023 488 4084 etenim
518 4043 592 4103 quae
618 4027 648 4089 in
672 4028 794 4090 Cornuti
816 4028 885 4088 Arte
912 4026 947 4088 de
974 4028 1083 4108 tropis,
1113 4029 1164 4108 qui
1194 4023 1341 4112 εὐφημία
1369 4038 1398 4091 et
1425 4027 1482 4092 ἐπὶ
1509 4027 1546 4091 τὸ

382 4134 492 4208 χεῖρον
514 4125 638 4209 φράσις
659 4127 897 4204 nominabantur,
920 4131 996 4192 dicta
1018 4140 1110 4204 erant,
1133 4141 1163 4194 et
1181 4133 1320 4194 nonnulla
1336 4133 1547 4214 exemplorum,

385 4247 459 4307 quae
489 4229 564 4310 apud
589 4228 751 4290 Cornutum
780 4232 852 4292 nulli
880 4244 1031 4314 troporum
1062 4222 1365 4310 defuisse'videntum
1394 4236 1429 4296 ab
1452 4236 1548 4316 epito-

385 4339 496 4392 matore
519 4331 627 4392 omissa
650 4344 728 4393 sunt.
