3590 5262
687 442 730 452 -
777 403 893 472 LXVII
939 443 980 453 —-

251 603 309 666 quo
331 594 399 665 post
420 583 592 646 adiectirum
616 585 825 666 θρασυτέραν
846 584 925 645 Ε25
941 617 967 654 ³0
982 584 1018 646 ab
1041 585 1233 665 epitomatore
1248 586 1336 648 verba
1358 585 1414 648 καί

251 686 377 770 μᾶλλον
398 685 684 770 κεκινδυνευμένην
706 687 814 749 omissa
837 707 901 750 esse
924 687 1118 767 cognoscitur.

336 791 490 854 Alexandri
512 792 547 853 de
570 790 832 870 argumentationis
855 790 1018 852 elocutione
1040 800 1069 852 et
1091 793 1205 854 actione
1226 801 1415 872 praeceptum

251 915 287 956 ex
301 895 415 958 duobus
431 896 494 957 cius
511 895 663 976 excerptis,
680 913 755 974 quae
770 892 800 953 in
815 892 950 972 Epitoma
965 903 1064 956 cxmnt
1080 895 1129 974 (ἐξ
1147 895 1215 970 196,
1234 896 1309 970 197,
1329 895 1414 974 242),

251 1001 307 1060 hoc
333 999 419 1060 modo
441 998 631 1060 reficiendum
655 1017 718 1060 csse
741 998 869 1058 videtur:

335 1102 391 1185 την
418 1100 455 1165 δὲ
481 1097 547 1164 τοῖν
574 1103 719 1165 πίστεων
748 1097 922 1184 ἑρμηνείαν
950 1097 1023 1162 οὔτε
1045 1095 1150 1184 ἀφελῆ
1173 1101 1258 1164 εἶναι
1281 1098 1334 1163 δεῖ
1355 1123 1416 1161 κα-

251 1201 364 1287 θάπερ
386 1203 422 1271 ἓν
441 1205 481 1294 τῇ
503 1201 653 1286 διηγήσει
677 1200 750 1267 οὔτε
772 1199 1019 1287 ἄνηπλωμένην,
1039 1199 1123 1266 ἀλλὰ
1144 1203 1200 1265 καὶ
1216 1218 1416 1284 συνεστραμ-

250 1311 350 1391 μένην
379 1305 435 1369 καί
462 1304 534 1371 οἷον
561 1307 670 1371 εἰπεῖν
699 1305 855 1391 κωνοειδῆ
881 1306 936 1369 καί
966 1306 1003 1370 τὸ
1029 1303 1169 1371 σόνολον
1195 1301 1416 1390 ἀγωνιστικὴν

252 1409 308 1474 καὶ
341 1405 517 1492 ἐναγωνιόν
549 1434 584 1473 τε
605 1410 661 1473 καὶ
684 1407 822 1496 πικρόν·
852 1413 978 1490 γίνεται
1002 1408 1039 1474 δὲ
1061 1409 1208 1493 τοιαύτη,
1231 1405 1312 1475 ὅταν
1334 1406 1414 1493 ἀνόη

250 1537 300 1587 τις
328 1510 429 1597 αὐτὴν
456 1511 627 1598 περιόδοις
655 1514 710 1577 καὶ
734 1511 860 1599 κόλοις,
905 1511 1113 1597 ἁρμόζεσθαι
1138 1513 1175 1578 δὲ
1197 1512 1250 1578 δεῖ
1271 1513 1311 1603 τῇ
1331 1510 1416 1579 dno-

252 1620 358 1702 κρίσει
379 1615 437 1681 τδν
458 1615 595 1696 λέγοντα
617 1617 701 1699 πρὸς
722 1615 759 1681 τὸ
784 1619 892 1700 σχῆμα
913 1619 972 1682 τοῦ
994 1615 1101 1697 λόγου.

336 1722 415 1795 Quin
437 1723 494 1785 boc
515 1731 704 1803 praeceptum
727 1722 758 1783 in
781 1721 904 1783 Cornuti
919 1723 989 1784 Arte
1012 1723 1075 1803 ipsa
1098 1721 1281 1783 definitiones
1303 1721 1415 1802 periodi

251 1836 281 1888 et
303 1826 442 1900 membri,
470 1845 595 1905 quarum
618 1833 788 1906 excerptum
812 1825 947 1905 Epitome
970 1825 1067 1887 tenuit
1089 1825 1119 1904 (ἓ
1135 1825 1219 1900 242),
1242 1834 1415 1887 consecutae

251 1930 324 2006 siut,
347 1948 407 1991 uon
431 1929 610 1991 dubitamus,
654 1947 722 1990 cum
745 1930 824 1990 euim
847 1929 1009 1990 Alexander
1031 1928 1146 2008 saepius
1168 1928 1265 2006 aliquo
1289 1928 1415 1989 termino

252 2034 385 2096 techuioo
408 2052 480 2094 usus
503 2032 566 2094 eius
582 2032 782 2094 definitionem
798 2033 843 2094 vel
858 2032 1019 2111 longiorem
1036 2031 1255 2112 explicationem
1273 2031 1416 2092 addiderit

250 2140 298 2214 (of.
320 2138 385 2199 adn.
402 2135 476 2197 LXV
490 2138 526 2210 ο),
548 2137 674 2198 eundem
698 2135 787 2197 simili
808 2136 894 2197 modo
919 2135 1103 2197 definitiones
1120 2135 1245 2196 membri
1260 2143 1289 2196 et
1303 2133 1416 2215 periodi

250 2241 363 2303 dedisse
386 2239 609 2319 Cornutumque
636 2239 678 2301 eis
705 2258 772 2300 suas
795 2237 978 2300 definitiones
1001 2247 1031 2300 et
1053 2239 1123 2300 alias
1145 2237 1311 2299 adiunxisse
1333 2237 1416 2299 facile

250 2344 395 2406 credatur.
441 2342 564 2404 Cornuti
586 2342 675 2421 igitur
696 2344 751 2404 Ars
772 2342 853 2416 loco,
876 2341 911 2403 de
933 2361 991 2422 quo
1014 2342 1125 2421 agitur,
1152 2342 1223 2402 baec
1244 2341 1306 2402 fere
1328 2340 1416 2402 verba
1438 2333 1439 2336 '

250 2445 324 2510 ἐπεὶ
359 2445 397 2508 δὲ
429 2444 488 2528 την
520 2445 583 2508 τόν
617 2448 760 2508 πίστεων
793 2441 967 2527 ἑρμηνείαν
998 2442 1124 2528 ἔφαμεν
1156 2440 1328 2527 περιόδοις
1359 2444 1415 2505 καὶ

249 2547 366 2624 κόλοις
387 2546 569 2633 ἆνυομένην
585 2551 671 2612 εἶναι
687 2546 771 2624 δεῖν,
795 2545 909 2632 ῥητέον
923 2550 955 2609 τί
970 2545 1040 2610 ἐστι
1056 2545 1160 2611 κόλον
1174 2546 1230 2608 καὶ
1246 2545 1413 2628 περίοδος,

250 2665 312 2717 tum
335 2655 491 2716 Alexandri
519 2652 704 2715 definitiones
730 2653 838 2713 borum
868 2650 1083 2713 terminorum1
1111 2658 1140 2712 et
1162 2651 1285 2714 Cornuti
1308 2651 1413 2712 defini·

250 2759 344 2820 tiones
372 2777 429 2820 una
459 2777 526 2820 cum
555 2776 654 2818 earum
683 2754 958 2836 explicationibus⁹,
992 2774 1064 2835 quas
1094 2755 1268 2835 epitomator
1295 2755 1412 2836 recepit,

249 2871 279 2923 et
313 2865 436 2924 tortasse
470 2860 582 2942 periodi
616 2858 814 2920 definitionem
849 2859 1076 2940 respondentem
1106 2858 1229 2920 membri
1252 2858 1415 2920 definitioni

248 2965 369 3036 13481„
391 2975 520 3026 servatae
543 2963 711 3026 exhibuisse
734 2961 862 3043 putanda
885 2970 939 3023 est.

333 3068 418 3140 Quod
446 3067 482 3129 ad
504 3067 659 3130 Alexandri
681 3066 716 3127 de
738 3065 844 3145 epilogi
866 3064 1036 3140 elocutione,
1052 3073 1081 3126 ct
1103 3065 1216 3126 actione
1238 3063 1340 3137 verba,
1367 3064 1413 3125 in-

248 3181 360 3233 certum
390 3180 448 3244 est,
483 3181 583 3233 utrum
612 3169 745 3253 specialia
773 3168 809 3229 de
837 3168 1085 3249 recapitulationis
1111 3175 1141 3228 et
1162 3167 1329 3228 adfectuum
1352 3166 1413 3227 clo·

248 3275 365 3336 cutione
397 3283 551 3356 praecepta
584 3282 652 3336 aute
686 3272 818 3353 generale
852 3272 887 3332 de
914 3271 1020 3352 epilogi
1047 3269 1210 3332 elocutione
1242 3278 1272 3331 et
1300 3268 1413 3331 actione

247 3388 436 3458 praeceptum
460 3378 490 3439 in
506 3376 629 3439 Cornuti
644 3377 714 3438 Arte
736 3377 830 3457 posita
854 3374 965 3436 luerint
987 3392 1024 3436 an
1047 3373 1211 3436 contrarius
1227 3373 1298 3433 ordo
1313 3371 1411 3432 fuerit.

248 3481 405 3543 traduntur
428 3481 475 3542 illa
497 3490 652 3561 praecepta
674 3483 734 3541 fere
757 3480 879 3558 integra,
903 3487 937 3540 ut
951 3479 1074 3548 videtur,
1098 3477 1128 3538 iu
1150 3476 1295 3556 excerptis
1317 3473 1412 3553 quarti

248 3586 284 3646 de
299 3584 467 3647 inventione
483 3584 557 3645 tomi
579 3585 629 3666 (ξς
645 3584 716 3655 221,
740 3583 824 3665 238),
847 3586 904 3646 hoc
918 3602 954 3644 ex
968 3590 1104 3664 excerpto
1120 3579 1269 3662 Epitomes
1292 3579 1323 3658 (ᾗ
1338 3576 1412 3654 243)

247 3698 277 3750 et
292 3699 427 3769 excerpto
442 3687 552 3750 Nicolai
575 3689 634 3770 (Sp
644 3688 683 3748 lll
699 3689 761 3751 477
776 3724 788 3761 ,
804 3708 867 3768 sqq.
880 3715 921 3741 =
933 3687 1010 3748 Wll
1026 3685 1087 3747 614
1102 3690 1125 3758 a)
1150 3685 1230 3745 bunc
1244 3683 1275 3744 in
1291 3681 1413 3742 modum

247 3793 465 3855 restituendum
489 3801 549 3853 est:
1376 3849 1379 3856 ,

332 3891 351 3978 ἦ
388 3893 426 3957 δὲ
461 3895 525 3959 τῶν
560 3888 728 3972 ἒπιλόγων
764 3889 885 3976 φρόσις
905 3888 1000 3974 [dimo
1032 3885 1205 3973 παθητικὴ
1240 3884 1322 3950 ἔστω
1356 3883 1412 3948 καὶ

247 3995 468 4082 τολμηροτέρα
490 4006 560 4071 τοῖς
583 3994 727 4080 σχήμασι
751 3996 806 4058 καὶ
828 3989 1089 4069 ταίςδεινιόσεσι
1105 3992 1246 4064 καὶτοῖς
1262 3988 1413 4070 σχετλια-

248 4111 354 4181 σμοῖς,
375 4096 396 4184 ἦ
418 4099 456 4164 δὲ
476 4095 653 4184 ὑπόκρισις
676 4101 958 4183 περιπαδεστέρα.

315 4235 380 4287 ¹Cl.
399 4236 559 4287 definitiones
584 4235 683 4302 periodi
708 4242 734 4285 ct
756 4233 861 4284 membri
883 4233 909 4281 in
928 4229 1069 4282 Alexandri
1093 4229 1124 4279 do
1145 4227 1234 4291 liguris
1252 4227 1318 4276 libro
1336 4226 1369 4292 Sp
1381 4223 1413 4276 tlt

248 4305 279 4355 27
292 4317 386 4371 usqu,
404 4320 509 4371 quarum
527 4305 599 4370 prior
617 4303 768 4367 corrigenda
784 4308 824 4352 cst
842 4302 978 4351 seeundum
996 4297 1095 4349 Tiberii
1112 4298 1190 4348 verba
1208 4296 1241 4362 Sp
1253 4293 1286 4346 Ill
1304 4294 1335 4345 93
1351 4309 1370 4346 t.

247 4442 271 4492 d·
314 4372 380 4454 llll.
402 4374 432 4424 W
448 4371 493 4426 Vll
511 4375 667 4438 tetrosqq„
694 4371 741 4422 931
757 4387 827 4436 κεηη.
847 4378 873 4420 ot
899 4385 961 4434 quac
988 4368 1018 4417 dc
1043 4368 1084 4418 bis
1109 4366 1175 4417 locis
1202 4381 1279 4430 supra
1297 4380 1320 4430 p.
1333 4361 1413 4414 XXX

264 4457 421 4492 rssermmus.

1222 4520 1253 4571 θ*
