3590 5262
755 372 1068 446 ·-n-

466 565 493 623 1.
527 561 673 643 Anonymi
701 561 802 644 Τέχνη
826 560 883 624 τοῦ
907 558 1082 624 πολιτικοῦ
1104 556 1216 638 λόχου,

464 666 492 726 2.
522 661 662 749 Ἀψλνου
685 662 762 746 περὶ
785 663 850 728 τῶν
872 661 1162 747 ἐσχηματισμένον
1184 659 1438 748 προβλημάτων,

464 768 492 830 3.
530 764 763 832 Μινουκιανοῦ
785 762 863 849 περὶ
885 763 1161 848 ἐπιχειρημάτων,

462 873 492 932 4.
522 865 663 955 ²sinteinan
685 871 779 952 τέχνη
800 867 966 954 ῥητορική,
990 869 1037 931 oui
1052 873 1249 950 fragmentum
1265 868 1343 951 περὶ
1358 863 1548 952 ἐρωτήσεως

527 973 582 1036 καὶ
606 970 814 1056 ἀποκρίσεως
836 973 919 1056 (Spl
943 973 1016 1054 165)
1039 973 1185 1034 adnexum
1208 982 1262 1048 est,

463 1079 500 1138 5.·
526 1073 725 1160 Μενάνδρου
748 1073 883 1160 ῥήτορος
906 1074 983 1159 περὶ
1006 1073 1224 1159 λπιβατηρλου
1248 1085 1278 1138 et
1298 1077 1350 1138 alia
1375 1076 1410 1138 de
1433 1075 1547 1156 generis

527 1179 750 1243 demonstrativi
773 1181 926 1262 speciebus
948 1179 1052 1260 capita.

376 1303 443 1347 cum
471 1302 539 1345 vero
572 1283 609 1345 ab
640 1283 703 1345 aliis
730 1283 765 1345 ad
796 1283 867 1345 alios
895 1282 987 1344 libros
1014 1284 1142 1346 edendos
1168 1283 1316 1345 adbibitus
1347 1281 1548 1368 compluribus

376 1388 447 1450 locis
481 1385 644 1466 descriptus
671 1386 710 1448 sit
719 1387 739 1460 ¹,
767 1385 852 1448 nobis
879 1386 1052 1449 brevissime
1075 1388 1110 1448 de
1138 1406 1172 1449 eo
1200 1406 1284 1467 agere
1310 1386 1388 1448 licet.
1432 1386 1547 1448 saeculo

376 1491 442 1552 XIII
465 1499 600 1552 exaratus
623 1489 721 1552 estin
744 1490 861 1552 ebartae
884 1490 1075 1571 bombycinae
1097 1490 1175 1552 loliis
1194 1494 1305 1552 lormae
1321 1498 1450 1570 quartae,
1474 1508 1547 1569 quae

377 1594 521 1674 scriptura
536 1594 608 1655 adeo
624 1601 764 1673 occupata
780 1602 859 1662 sunt,
876 1602 909 1656 ut
924 1593 1125 1674 angustissimi
1142 1593 1286 1674 margines
1301 1593 1547 1673 relinquerentur.

377 1716 467 1778 quare
501 1716 586 1778 saepe
619 1696 716 1777 parvIs
749 1697 863 1759 laciniis
896 1696 1033 1760 abscissis
1066 1697 1220 1777 perierunt
1251 1697 1377 1760 summis
1409 1696 1546 1758 loliorum

376 1800 510 1863 versibus
548 1800 660 1880 aliquot
693 1801 779 1862 verba
817 1810 905 1881 atque
941 1801 972 1861 in
1006 1800 1145 1862 extremis
1180 1800 1239 1862 oris
1273 1799 1403 1880 singulae
1435 1800 1549 1861 litterae

334 1933 336 1940 v
377 1904 499 1967 detritae
532 1915 612 1977 sunt,
646 1904 716 1965 dum
747 1904 867 1966 alternis
895 1903 1009 1986 paginis
1035 1903 1118 1965 limbi
1146 1903 1291 1966 chartacei
1319 1902 1548 1983 adglutinantur,

376 2009 484 2089 quibus
511 2007 584 2089 ipsis
613 2007 761 2070 interdum
790 2007 949 2088 particulae
977 2006 1138 2087 scripturae
1161 2006 1348 2087 obteguntur.
1392 2006 1418 2067 is
1440 2016 1549 2078 autem,

376 2112 427 2193 qui
460 2111 607 2192 margines
639 2111 779 2174 chartulis
810 2111 944 2184 muniuit,
977 2119 1029 2173 aut
1054 2110 1200 2190 posterior
1228 2111 1320 2172 lector
1348 2108 1548 2190 compluribus

376 2216 447 2278 locis
473 2215 646 2276 obscuratos
674 2215 780 2276 duetus
808 2215 920 2295 primae
950 2233 1054 2276 manus
1081 2214 1208 2294 nigriore
1236 2222 1400 2276 atramento
1430 2222 1549 2274 secutus

377 2318 439 2380 est²
462 2326 492 2379 et
513 2317 652 2380 vocabula
677 2325 811 2378 truncata
832 2317 863 2378 in
886 2317 1017 2379 chartula
1041 2318 1177 2399 supplere
1200 2317 1362 2399 temptavit,
1384 2336 1441 2396 qua
1464 2315 1494 2377 in
1517 2334 1549 2376 re

377 2421 469 2483 semel
498 2421 624 2500 graviter
645 2419 781 2482 erravit³.
826 2421 928 2482 eodem
951 2421 1015 2483 loco
1039 2421 1197 2500 Seguerius
1219 2421 1390 2482 incertiores
1412 2419 1550 2499 reliquias

378 2525 450 2585 lalso
477 2522 603 2584 reddidit
631 2531 661 2584 et
687 2523 764 2586 idem
788 2523 903 2605 saepius
926 2523 1034 2586 erravit
1055 2523 1085 2585 in
1109 2524 1291 2606 compendiis
1312 2522 1549 2604 interpretandis,

446 2787 673 2838 ¹Acenratissime
700 2801 714 2836 a
742 2786 864 2851 Seguerio
891 2789 909 2838 l.
930 2789 948 2838 l.
976 2789 1053 2850 (idem
1079 2790 1109 2839 de
1137 2789 1224 2840 codice
1248 2788 1315 2840 1674
1341 2789 1418 2841 etiam
1444 2787 1498 2851 egit
1525 2787 1549 2836 in

377 2856 547 2907 Dissertmion
563 2871 611 2906 aur
629 2855 651 2906 le
660 2857 802 2923 fragment
818 2855 848 2906 de
860 2854 960 2923 Longin
978 2857 1095 2908 Lutetiae
1114 2857 1187 2921 1838,
1206 2858 1250 2908 sed
1269 2858 1343 2908 buius
1361 2855 1551 2908 dissertationis

379 2925 553 2990 inspiciendae
585 2927 684 2974 occasio
716 2925 790 2975 uobis
823 2940 874 2975 uon
905 2926 980 2992 l'nit),
1014 2935 1066 2977 tum
1096 2941 1110 2976 a
1143 2925 1219 2977 Balsio
1252 2927 1359 2994 Apainir
1388 2930 1411 2976 et
1442 2922 1554 2990 Longini

379 2992 513 3044 Rhetorica
532 2992 628 3043 Oxonii
647 2993 713 3043 1849
732 3009 755 3058 p.
773 2992 863 3056 XLIII,
889 2995 1029 3060 deniquae
1048 2994 1171 3045 bursiano
1194 2995 1219 3045 in
1242 2993 1401 3061 praelatione
1419 2993 1553 3044 Menandri

379 3063 500 3183 thIlIorIII
515 3076 595 3112 novae
618 3060 739 3112 editionis
763 3062 890 3113 Abbandl.
913 3062 959 3114 der
978 3061 1033 3128 ligi.
1052 3062 1290 3130 ragamunde
1310 3061 1467 3114 Wiereneelr.
1486 3062 1549 3114 1881

443 3147 554 3250 ’lcipa
575 3213 599 3262 g.
618 3216 641 3266 p.
656 3199 688 3248 50
702 3213 740 3250 su:
759 3206 817 3264 post
836 3199 915 3252 verba
933 3196 962 3249 τὸ
980 3197 1040 3267 μὲν,
1060 3201 1086 3250 in
1105 3214 1167 3265 qnae
1186 3197 1295 3250 1ο1.126
1313 3200 1416 3263 desinit,
1434 3196 1479 3250 iol.
1496 3197 1552 3261 127,

380 3268 453 3318 cuins
476 3267 553 3318 initio
571 3273 626 3318 tres
647 3267 688 3317 vel
706 3274 826 3332 quattuor
844 3268 951 3318 litterae
970 3269 1007 3318 ita
1025 3275 1194 3332 evanuerunt,
1212 3275 1241 3320 ut
1258 3269 1304 3320 vix
1322 3269 1422 3319 incerta
1440 3269 1551 3330 vestigia

380 3337 494 3399 ultimae,
517 3351 581 3401 quae
599 3337 613 3385 λ
630 3333 713 3386 fuisse
732 3337 844 3400 videtur,
868 3344 1008 3400 manerent,
1032 3353 1065 3390 ον
1082 3355 1113 3388 ου
1131 3354 1241 3402 ποιητικ
1258 3337 1342 3405 ἔχουσ
1360 3345 1387 3386 et
1405 3337 1456 3387 nisi
1474 3334 1553 3385 iallor

383 3420 459 3470 snpra
481 3405 595 3455 litteram
618 3416 636 3454 ο
660 3404 783 3470 reliquias
809 3406 924 3472 syllabae
949 3421 984 3458 αν
1001 3405 1141 3472 compendii
1160 3406 1271 3457 exbibet.
1307 3406 1412 3456 litterae
1429 3422 1445 3455 κ
1463 3411 1489 3455 et
1506 3402 1552 3471 ἕχο

381 3475 428 3524 illo
453 3473 566 3537 nigriore
589 3479 730 3523 atramento
749 3473 846 3538 scripta
864 3481 939 3556 sunt}
952 3475 995 3524 sed
1013 3474 1115 3525 litteras
1135 3475 1230 3539 primae
1247 3491 1334 3526 manus
1353 3481 1422 3524 reate
1441 3473 1552 3540 repletas

381 3557 437 3593 esse
455 3541 626 3606 cognoscitur.
663 3541 800 3604 Segnerius
818 3549 902 3592 autem
920 3559 1006 3609 αχους
1021 3559 1037 3593 a
1055 3544 1163 3594 secunda
1182 3559 1255 3594 manu
1268 3544 1390 3609 scriptum
1403 3557 1459 3593 esse
1472 3556 1551 3607 neque

381 3625 443 3676 qnae
461 3611 495 3660 sit
512 3610 591 3661 lectio
611 3610 706 3676 primae
724 3626 819 3674 manus,
837 3612 980 3674 adnotavit,
997 3627 1075 3676 quare
1087 3612 1237 3678 Spengelius
1256 3608 1341 3679 άχους
1353 3611 1551 3662 additamentum

381 3679 506 3731 secundae
525 3693 612 3730 manns
629 3694 686 3729 esse
705 3686 775 3729 ratus
795 3679 889 3730 omisit.

450 3746 503 3797 ³In
525 3745 588 3798 lolio
606 3747 690 3798 intimo
712 3747 758 3797 125
776 3748 854 3798 verba
873 3764 896 3814 p.
909 3747 943 3798 43
955 3763 980 3800 aa
998 3745 1065 3798 κατὰ
1085 3746 1113 3800 δὲ
1130 3745 1161 3799 τά
1182 3745 1346 3814 στοχαστικά
1364 3747 1404 3814 ζη-
1423 3748 1552 3812 leguntur,

382 3816 408 3866 in
436 3830 529 3866 summo
555 3814 599 3866 iol.
615 3816 670 3878 126,
698 3816 771 3865 euius
797 3824 912 3866 extrema
934 3817 1061 3882 particula
1085 3816 1139 3867 lere
1164 3819 1272 3883 quinque
1295 3817 1397 3867 btteras
1420 3819 1554 3867 continens

382 3885 495 3935 abscissa
523 3891 574 3947 est,
602 3891 660 3934 aute
685 3884 836 3934 vocabulum
859 3880 1002 3952 χράσιμον
1024 3885 1088 3935 nibil
1111 3887 1161 3936 nisi
1184 3884 1324 3948 fragmenta
1346 3886 1441 3952 prinae
1465 3900 1552 3934 manus

382 3953 525 4019 scripturae
549 3953 726 4015 inveniuntur,
748 3952 818 4004 inter
840 3969 903 4019 qnae
926 3953 1028 4004 litteras
1045 3971 1101 4010 τοις
1113 3992 1139 4004 ..
1157 3971 1174 4004 κ
1190 3973 1246 4020 ..η
1267 3971 1318 4022 ,ρο
1331 3990 1357 4004 ..
1378 3961 1404 4004 et
1421 3962 1479 4020 post
1496 3969 1554 4009 τοις

382 4021 508 4072 bastulam
531 4021 657 4086 obliquam
680 4021 845 4084 dIgnorimns.
881 4023 967 4087 itaque
991 4022 1017 4072 in
1040 4023 1156 4074 chartula
1179 4031 1205 4074 et
1223 4039 1328 4090 τηματα
1345 4023 1457 4073 additum
1477 4028 1503 4073 et
1520 4036 1553 4072 ex

382 4122 502 4177 frustulis
520 4125 589 4175 inter
607 4140 663 4182 τοις
681 4132 707 4175 et
724 4142 744 4193 γ
760 4126 903 4193 conspicuis
921 4105 935 4179 i
952 4107 1038 4177 κάλως
1055 4126 1203 4178 restitutum
1222 4136 1271 4191 est,
1289 4142 1434 4194 quamquam
1452 4126 1553 4178 hastula

382 4194 465 4262 prino
488 4194 545 4244 loeo
569 4202 669 4246 servata
693 4209 752 4261 pars
775 4195 880 4246 litterae
901 4212 915 4245 τ
937 4209 995 4246 esse
1018 4212 1065 4246 uon
1086 4203 1177 4262 potest.
1212 4195 1350 4262 Seguarins
1367 4211 1396 4247 τε
1413 4197 1510 4261 recepit
1528 4202 1555 4245 et

382 4278 429 4330 pro
443 4261 564 4327 proximis
576 4261 755 4334 κατηγορικῶς
766 4264 922 4332 λεγομένοις
932 4263 1027 4330 posuit,
1040 4266 1104 4331 quod
1116 4265 1226 4331 spatium
1238 4265 1313 4330 longe
1326 4265 1434 4316 excedit.
1468 4272 1496 4314 at
1508 4263 1554 4313 illa

382 4331 484 4383 hastula
515 4331 621 4381 litterae
643 4349 664 4398 μ
687 4329 767 4383 luisse
795 4333 914 4398 videtur,
942 4348 1020 4404 quare
1043 4334 1108 4386 satis
1136 4341 1206 4388 certe
1230 4335 1373 4401 supplemus
1396 4335 1452 4390 τοῖς
1472 4329 1551 4401 μ<ὲν>

384 4391 661 4467 κ<ατ>ην<ὁ>υο<υ>·
