3590 5262
686 406 967 472 -ffl1..

245 582 310 663 ipso
331 581 506 663 acciperent,
529 578 623 658 λόγος
644 581 787 648 insertum
811 586 950 665 priusque
968 584 1152 666 participium
1170 585 1410 650 transformatum

246 705 311 750 esse
332 685 511 766 probabilius
533 693 587 746 est.

331 788 461 852 Dubitari
482 797 588 870 potest,
618 798 719 852 unum
742 789 829 852 verba
852 789 984 864 Cornuti,
1014 789 1099 852 ouius
1121 807 1229 852 nomen
1252 793 1361 853 frustra
1382 791 1413 853 iu

245 891 379 973 Epitoma
401 911 532 972 quaeras,
558 900 588 954 et
609 892 684 955 alius
706 888 811 956 κώλου
833 893 900 956 finis
922 894 964 955 eis
988 892 1011 952 E
1032 891 1073 954 48
1090 924 1115 963 ro
1137 893 1268 956 inclusus
1290 895 1322 956 in
1343 897 1413 956 Arte

246 996 366 1070 luerint,
389 1015 426 1057 au
448 995 484 1058 ab
506 1015 550 1070 eo,
573 995 624 1076 qui
638 997 738 1058 Artem
758 995 789 1058 iu
809 996 957 1077 epitomen
973 995 1094 1075 redegit,
1115 996 1211 1058 addita
1228 997 1296 1060 sint.
1340 1018 1414 1078 quae

246 1117 313 1162 cum
336 1117 370 1162 eo
393 1098 542 1179 Epitomes
563 1098 637 1175 loco,
660 1118 748 1179 quern
770 1099 913 1174 obtinent,
938 1099 1036 1164 minus
1058 1108 1124 1180 apta
1147 1099 1308 1172 videantur,
1331 1101 1414 1163 lacile

246 1221 300 1284 pre
321 1202 520 1268 additamento
542 1201 744 1283 epitomatoris
766 1202 867 1266 haberi
881 1210 1017 1283 possunt.
1061 1202 1135 1279 E§§
1150 1202 1318 1264 240-243
1334 1203 1412 1264 enim

245 1325 336 1387 pauca
369 1306 405 1369 de
438 1304 618 1384 singularum
646 1305 786 1369 orationis
812 1306 939 1386 partium
970 1305 1135 1368 elocob'one
1163 1305 1413 1387 praescribuntur.

246 1408 332 1472 tertio
364 1418 529 1491 praecepto,
562 1408 640 1490 quod
674 1409 710 1472 de
739 1409 947 1490 probationum
978 1409 1141 1472 elocutione
1167 1418 1220 1482 est,
1252 1409 1300 1470 illa
1326 1410 1413 1471 verba

244 1512 450 1587 adnectuntur,
483 1511 551 1592 quia
582 1511 614 1573 iu
641 1531 677 1574 eo
707 1512 827 1576 termini
854 1509 959 1576 κώλου
984 1520 1015 1576 et
1044 1508 1201 1596 περιόδου
1228 1512 1412 1576 adhibentur.

246 1634 364 1683 summo
385 1616 448 1680 iure
469 1615 501 1678 iu
521 1635 559 1680 eo
579 1616 720 1691 offendas,
743 1618 821 1696 quod
843 1615 922 1678 inter
943 1615 1115 1680 brevissima
1137 1614 1309 1678 elocutionis
1328 1636 1413 1696 prae-

245 1727 328 1801 cepta
354 1720 500 1800 longiores
529 1719 733 1799 explicationes
764 1721 869 1783 horum
900 1719 1094 1784 terminorum
1122 1718 1233 1799 positae
1261 1729 1339 1782 suut.
1383 1729 1413 1782 at

244 1822 293 1884 illa
327 1822 497 1893 brevissima
529 1831 681 1904 praecepta
713 1822 745 1886 in
773 1822 870 1884 locum
900 1822 1080 1894 uberiorem,
1113 1841 1188 1902 quae
1214 1832 1265 1883 aut
1289 1841 1412 1903 prorsus

245 1926 341 1988 excisa
367 1933 418 1988 aut
443 1925 515 1986 alios
545 1925 573 1986 in
600 1925 681 1989 locos
710 1923 829 1987 traiecta
855 1933 936 2000 sunt,
969 1926 1004 1986 ab
1033 1926 1225 2005 epitomatore
1253 1925 1411 1988 substituta

245 2046 310 2090 esse
335 2027 492 2106 adparebit.
536 2037 566 2090 et
590 2027 691 2090 mediis
714 2027 745 2090 in
766 2027 813 2089 his
835 2027 1020 2090 uberioribus
1041 2027 1204 2110 praeceptis
1227 2029 1411 2094 definitiones

246 2141 275 2192 et
301 2130 506 2210 explicationes
534 2131 659 2194 membri
685 2140 716 2193 et
741 2131 854 2211 periodi
881 2130 971 2192 luisse
996 2130 1145 2210 probabile
1167 2131 1225 2192 fiet.
1271 2151 1338 2194 eum
1361 2134 1412 2211 qui

245 2233 345 2297 Artem
369 2233 547 2318 epitomarit,
562 2234 661 2298 *nerlu
683 2233 707 2296 E
729 2233 864 2305 481541
885 2233 1046 2295 inseruisse
1069 2253 1103 2295 eo
1126 2233 1224 2296 miuus
1249 2235 1412 2307 credamus,

245 2337 325 2416 quod
346 2338 473 2399 eundem
496 2355 642 2417 nusquam
658 2337 726 2403 alibi
740 2337 883 2418 excerptis
898 2337 977 2400 mois
993 2335 1144 2398 scientiam
1161 2336 1276 2401 aliunde
1291 2338 1411 2418 petitam

245 2440 441 2502 immiscuisse
463 2440 718 2520 deprehendimus.
768 2459 862 2519 neque
891 2441 971 2502 Artis
996 2441 1228 2520 epitomatorem,
1262 2441 1287 2502 si
1315 2441 1412 2515 verba,

246 2546 281 2608 de
311 2544 418 2624 quibus
446 2543 550 2623 agitur,
582 2543 750 2618 addidisset,
783 2553 850 2608 ante
876 2545 962 2606 verba
989 2543 1112 2608 Cornuti
1138 2543 1200 2606 eius
1227 2563 1335 2608 nomen
1362 2555 1413 2608 aut

246 2647 333 2710 talem
355 2647 491 2722 indicem,
511 2648 629 2727 qualem
652 2647 741 2712 altera
765 2646 895 2712 definitio
918 2648 1044 2711 membri
1064 2649 1260 2728 praesefert,
1284 2648 1412 2710 omissu-

245 2769 311 2816 rum
344 2750 437 2814 fuisse
470 2750 530 2813 veri
560 2750 655 2815 simile
686 2759 741 2814 est.
785 2751 864 2831 quod
891 2749 1013 2812 Cornuti
1043 2751 1130 2814 rerba
1161 2750 1256 2813 indice
1289 2769 1412 2832 prorsus

246 2863 356 2927 carent,
388 2853 507 2916 nonnisi
540 2873 599 2916 una
630 2853 743 2920 ratione
776 2854 911 2934 explicari
939 2873 1025 2935 posse
1051 2863 1201 2933 putamus.
1244 2853 1412 2934 ubicunque

245 2957 323 3017 euim
358 2957 524 3037 complures
556 2958 630 3020 fines
663 2958 693 3019 in
720 2957 855 3037 Epitoma
887 2967 1106 3030 enumerantur,
1140 2956 1261 3036 singulis
1293 2958 1412 3018 uomina

245 3068 397 3123 auctorum
432 3069 483 3124 aut
513 3061 601 3122 verba
634 3055 679 3134 ὦς
711 3057 794 3123 ἔνιοι
825 3061 870 3121 vel
903 3055 1008 3125 similia
1040 3060 1165 3140 praefixa
1197 3069 1276 3122 suut.
1320 3060 1411 3141 priori

246 3163 390 3236 πίστεως
410 3164 463 3226 lini
485 3164 540 3226 soli
561 3163 584 3228 E
606 3167 624 3240 ξ
648 3162 707 3225 143
730 3163 818 3224 index
844 3164 935 3236 deest,
968 3181 1035 3226 cum
1063 3163 1136 3225 alter
1161 3163 1229 3224 finis
1256 3163 1285 3224 in
1309 3166 1327 3238 §
1351 3164 1412 3223 144

246 3265 401 3327 Alexandri
430 3285 495 3330 esse
521 3266 643 3328 dicatur.
687 3267 766 3334 illam
794 3266 893 3342 §143
921 3249 1019 3330 autem
1046 3266 1082 3329 ab
1104 3265 1184 3328 Artis
1206 3275 1324 3328 auctore
1345 3266 1410 3345 ipso

247 3367 441 3448 conscriptam
470 3388 535 3432 esse
563 3370 638 3432 infra
665 3369 930 3450 comprobabimus.
974 3370 1043 3433 inde
1064 3369 1228 3448 colligimus
1249 3377 1316 3430 aute
1339 3367 1411 3430 Cor·

246 3471 312 3534 nuti
338 3471 425 3534 verba
451 3471 474 3534 l:
496 3472 591 3548 §242
617 3490 725 3536 nomen
754 3483 908 3554 propterea
934 3493 994 3539 non
1020 3482 1127 3546 extare,
1156 3471 1235 3552 quod
1263 3470 1411 3532 Cornutus

208 3559 210 3564 ¹
245 3575 308 3655 ipse
323 3575 403 3636 Artis
425 3583 527 3638 auctor
547 3584 619 3643 erat.
662 3576 735 3642 haec
756 3577 922 3640 coniectura
943 3585 1098 3659 praecepto
1114 3574 1236 3638 Cornuti
1255 3593 1272 3635 a
1288 3574 1410 3655 Syriaco

246 3678 398 3744 adservato
420 3677 574 3745 stabilitur.

331 3782 479 3846 Cornutus
509 3801 525 3844 a
548 3783 671 3863 spiauo
693 3783 730 3847 W
745 3783 781 3846 lV
803 3782 875 3858 298,
898 3782 959 3846 843
987 3791 1081 3846 status
1103 3781 1208 3862 legales
1230 3789 1299 3842 ante
1319 3780 1410 3842 ratio-

245 3885 327 3946 nales
353 3904 387 3947 ac
414 3885 541 3965 primam
569 3885 687 3965 quidem
715 3886 849 3949 omnium
875 3886 1083 3966 amphiboliam
1111 3885 1267 3946 collocasse
1294 3884 1408 3946 dicitur.

246 4007 302 4068 qua
330 4006 362 4052 re
390 3988 426 4049 ab
456 3988 635 4062 auctoribus,
660 4009 788 4069 quorum
819 3991 854 4053 de
880 3990 1004 4052 statibus
1026 3988 1133 4069 scripta
1155 3987 1302 4062 norimus,
1329 3988 1410 4048 valde

246 4090 394 4152 dissensit.
439 4100 468 4153 et
490 4091 687 4171 Hermogenes
714 4101 744 4154 et
765 4092 962 4166 Quintilianus
983 4093 1088 4172 legales
1111 4102 1204 4153 status
1226 4100 1294 4171 post
1319 4090 1409 4152 ratio-

246 4193 326 4256 nales
359 4203 389 4256 et
420 4194 553 4258 omnium
584 4205 743 4258 extremam
770 4196 975 4277 amphiboliam
1004 4204 1202 4258 tractaverunt
1229 4203 1317 4274 atque
1343 4194 1413 4272 ubi·¹

246 4315 372 4376 cumque
397 4297 594 4371 Quintilianus
623 4308 762 4378 quattuor
788 4307 882 4361 status
907 4298 1013 4378 legales
1040 4306 1260 4372 commemorat,
1292 4298 1409 4378 amphi-

247 4399 331 4476 bolia,
359 4420 537 4482 quamquam
566 4402 637 4466 ordo
666 4401 756 4465 trium
786 4411 951 4466 ceterorum
979 4421 1063 4484 saepe
1085 4409 1279 4483 permutatur,
1306 4401 1408 4464 ultima
