3590 5262
858 402 1124 468 -Lxx-

407 591 502 663 paret,
540 583 619 662 quod
652 582 759 645 librum
798 579 875 664 περὶ
907 581 973 644 τῶν
1008 581 1064 664 τῆς
1096 578 1212 654 λέξεως
1244 579 1299 642 καὶ
1332 579 1388 663 τῆς
1421 578 1573 653 διανοίας

408 681 582 767 σχημάτων
615 705 631 746 a
660 686 748 747 Suida
775 685 920 748 Numenio
951 685 1137 765 adsignatum
1164 684 1201 747 ab
1222 684 1401 762 Alexandro,
1435 683 1573 745 Numenii

407 788 476 862 fibo,
508 789 703 869 compositum
734 809 798 850 esse
827 789 921 851 firmis
943 789 1124 869 argumentis
1147 789 1222 850 rinei
1244 787 1368 870 potest¹.
1412 787 1573 849 Alexander

406 890 570 953 Numenius
597 892 687 972 igitur
710 892 854 954 Hadriano
881 892 1110 954 consolationem
1142 893 1177 954 de
1201 903 1295 954 morte
1317 891 1435 953 Antinoi
1458 890 1573 952 misisse

406 995 554 1074 putandus
587 1005 641 1069 est,
678 1016 734 1076 qua
762 1015 794 1058 re
827 996 889 1058 eius
923 1006 1010 1060 aetas,
1034 995 1181 1057 delinitur.
1226 994 1319 1056 eidem
1349 995 1511 1056 Alexandro
1542 995 1573 1054 in

407 1098 561 1178 anonymis
578 1098 796 1179 Prolegomenis
812 1099 1003 1179 Hermogenis
1023 1099 1059 1160 de
1074 1098 1198 1160 statibus
1213 1097 1280 1159 libri
1295 1098 1331 1159 W
1346 1097 1382 1158 lV
1397 1097 1437 1158 35
1453 1129 1465 1166 ι
1480 1098 1572 1177 τέχνη

407 1197 559 1284 ῥητορικὴ
575 1201 652 1283 περὶ
670 1197 829 1286 ἀφορμῶν
844 1200 1022 1286 ῥητορικῶν
1036 1202 1214 1265 attribuitur.
1252 1200 1350 1263 neseio
1373 1220 1409 1262 an
1425 1200 1572 1262 Cornutus

407 1322 443 1364 ex
464 1305 518 1365 hac
540 1314 602 1367 arte
618 1306 702 1367 rerba
718 1306 882 1378 Alexandri,
905 1325 979 1387 quae
1001 1305 1164 1379 exhibebat,
1186 1303 1382 1385 descripserit.
1418 1304 1477 1366 iam
1500 1321 1573 1383 quae

407 1406 514 1468 horum
529 1406 664 1488 Epitome
679 1409 847 1482 servaverit,
868 1410 1050 1489 congerenda
1065 1419 1148 1472 sunt:
1171 1411 1207 1484 ξς
1229 1409 1258 1482 3,
1279 1407 1414 1482 26-35,
1439 1406 1572 1479 37-39,

408 1509 545 1582 49-51,
568 1511 618 1585 62,
643 1511 777 1588 72-78,
802 1511 977 1586 113-116,
1002 1512 1176 1586 121-125,
1202 1510 1572 1584 129-137,144-145,

410 1613 487 1686 155,
512 1613 582 1686 160,
607 1614 676 1689 106,
702 1616 772 1686 197,
795 1615 866 1690 200,
889 1615 960 1690 221,
984 1615 1055 1690 222,
1079 1614 1256 1690 220-234,
1279 1614 1350 1689 238,
1372 1613 1573 1674 eto-243².

493 1715 533 1778 De
560 1718 666 1780 Neocle
696 1719 813 1780 rhetore
843 1719 916 1781 nihil
941 1719 1057 1780 aliunde
1079 1719 1294 1801 comperimus,
1328 1737 1423 1797 neque
1445 1735 1481 1778 ex
1502 1715 1573 1796 ipsis

408 1819 470 1880 eius
493 1820 589 1882 verbis
613 1822 643 1882 in
659 1821 780 1883 Cornuti
796 1823 895 1883 Artem
919 1823 1043 1903 receptis
1066 1832 1179 1886 certum
1195 1824 1231 1884 de
1246 1832 1340 1884 aetate
1356 1820 1451 1899 colligi
1466 1828 1572 1901 potest.

409 1931 510 1984 utrum
534 1923 732 1995 Quintilianus
758 1925 893 1987 Neoclem
927 1926 1024 2006 ipsum
1051 1945 1088 1987 an
1115 1928 1177 1988 eius
1205 1936 1352 1988 auctorem
1380 1931 1447 1984 ante
1474 1921 1573 1983 oculos

408 2025 560 2100 babuerit,
594 2028 624 2088 in
658 2029 754 2089 medio
788 2029 1013 2108 relinquendum
1046 2049 1109 2091 esse
1142 2029 1213 2091 fassi
1239 2048 1352 2092 sumus.
1395 2028 1451 2088 hoc
1479 2043 1571 2086 unum

407 2149 574 2192 asseverare
594 2151 735 2194 conamur
750 2132 886 2195 Neoclem
902 2133 1064 2194 Alexandro
1081 2134 1261 2215 superiorem
1279 2133 1378 2194 luisse.
1412 2129 1573 2192 Alexander

407 2232 486 2294 enim
517 2233 691 2310 ll§§130,
716 2236 774 2297 131
807 2237 865 2309 eis,
898 2237 950 2317 qui
979 2238 1023 2299 vel
1050 2246 1117 2318 post
1144 2235 1426 2316 argumentationem
1455 2241 1573 2313 etpost

408 2337 553 2416 epilogum
583 2339 694 2399 narrari
721 2357 809 2418 posse
837 2339 993 2411 docebant,
1027 2350 1056 2401 et
1078 2340 1101 2401 lt
1121 2345 1137 2413 §
1155 2341 1215 2400 144
1244 2339 1286 2401 eis
1308 2339 1490 2409 adversatur,
1521 2333 1573 2415 qui

407 2440 523 2502 πίστιν
544 2448 574 2501 et
596 2436 775 2512 α’πόὸειξιν
798 2460 858 2503 non
880 2442 1094 2504 discernebant.
1140 2443 1295 2523 utrobique
1317 2440 1512 2502 Alexandrum
1536 2438 1571 2500 ad

406 2540 542 2603 Neoclem
569 2554 716 2623 spectasse
746 2544 829 2606 nobis
861 2565 1033 2626 persuasum
1063 2556 1122 2622 est,
1149 2565 1215 2608 cum
1238 2547 1317 2608 bunc
1339 2549 1376 2620 §t
1395 2540 1572 2604 126-128

407 2645 556 2726 scripsisse
587 2655 616 2707 et
643 2647 762 2708 nomina
785 2649 928 2722 πίστεως
950 2658 980 2711 et
1002 2645 1204 2722 ἀποδείξεως
1226 2648 1392 2729 promiscue
1416 2664 1572 2726 usurpasse

406 2748 637 2827 cognoverimus.
682 2768 785 2830 operae
808 2752 936 2830 pretium
958 2762 1004 2814 est
1022 2762 1052 2814 et
1067 2752 1228 2814 doctrinam
1244 2750 1399 2813 Alexandri
1414 2760 1444 2811 et
1458 2747 1571 2809 Neoclis

406 2850 540 2931 pluribus
562 2870 714 2933 exponere,
738 2854 786 2914 sed
811 2855 864 2916 hac
885 2856 1067 2936 expositione
1082 2858 1154 2917 fines
1170 2857 1276 2917 borum
1293 2855 1570 2934 Prolegomenorum

406 2955 607 3016 transiremus.
651 2955 749 3035 itaque
775 2958 822 3019 bic
844 2959 1087 3039 acquiescendum
1111 2958 1207 3020 estin
1230 2957 1449 3020 enumeratione
1471 2972 1569 3016 earum

405 3058 555 3139 Epitomes
589 3059 732 3140 partium,
766 3081 839 3141 quas
860 3062 960 3124 Neocli
982 3063 1168 3125 vindicandas
1201 3079 1370 3124 censemus:
1403 3062 1440 3134 §5
1462 3056 1572 3130 5-7³‚

406 3160 542 3234 21—25,
565 3163 721 3238 tto-48⁴,
738 3165 891 3241 53-61⁶‚
907 3166 1042 3240 03-71,
1059 3165 1193 3240 att-87,
1217 3164 1372 3238 89-103,
1398 3159 1572 3232 105-112,

473 3336 483 3369 ¹
502 3334 539 3387 Cf.
558 3336 729 3388 Steuslollium
747 3338 815 3388 Dias.
834 3339 851 3389 l.
872 3355 895 3405 p.
909 3339 983 3390 5-8.

473 3404 483 3437 ²
501 3405 622 3456 Fortasse
644 3407 754 3456 coniciet
776 3407 897 3472 quispiam
919 3414 1023 3474 praeter
1045 3409 1089 3457 bas
1106 3405 1139 3472 ἐξ
1156 3407 1231 3457 etiam
1251 3404 1357 3455 Cornuti
1375 3405 1448 3455 Artis
1466 3406 1496 3454 dc
1515 3418 1572 3468 pro·

406 3475 482 3524 oemii
501 3483 526 3524 et
544 3475 638 3540 epilogi
656 3475 801 3526 differentia
813 3476 890 3526 verba
903 3477 1048 3527 Alexandro
1067 3476 1163 3540 deberi,
1182 3475 1270 3541 quippe
1288 3489 1394 3539 querum
1413 3480 1498 3539 partes
1518 3487 1571 3520 cum

405 3542 548 3592 Alexandri
574 3545 718 3609 praeceptis
744 3547 899 3594 concordent
926 3544 969 3604 (cl.
994 3541 1214 3606 sanxerint).
1252 3558 1282 3593 ue
1308 3544 1367 3591 baic
1394 3542 1571 3598 assentiamur,

405 3626 533 3660 monemur
551 3611 638 3661 verbis
657 3612 677 3661 le
697 3614 749 3664 51e
768 3610 918 3678 δυναμένης
939 3614 1035 3681 μέντοι
1056 3615 1152 3664 πεσεῖν
1170 3613 1208 3666 ele
1225 3606 1377 3668 πολιτικοὺς
1394 3607 1493 3677 λόγους.
1529 3608 1572 3658 ubi

406 3680 451 3729 sub
475 3679 579 3730 notione
601 3681 746 3731 πολιτικῶν
768 3678 856 3746 λόγων
878 3682 946 3732 soles
971 3683 1100 3732 cretiones
1123 3680 1258 3730 iudiciales
1283 3687 1310 3730 et
1331 3679 1514 3729 deliberativas
1532 3678 1570 3727 in-

405 3747 494 3810 tellegi
515 3754 585 3814 putet
603 3746 646 3808 (el.
666 3750 721 3798 adn.
739 3747 865 3800 XXXVII
878 3752 911 3812 a).
948 3751 1118 3801 Alexandrum
1136 3755 1218 3798 autera
1237 3748 1349 3798 encomia
1367 3761 1464 3813 quoque
1482 3747 1508 3796 in
1527 3762 1572 3794 nu-

404 3831 474 3866 mero
493 3817 606 3866 civilium
627 3819 769 3868 orationum
788 3818 906 3868 babuisse
925 3819 980 3868 eius
999 3817 1140 3883 fragmento
1159 3817 1190 3883 Sp
1204 3815 1237 3866 Ill
1256 3817 1308 3869 110
1325 3818 1477 3866 ostenditur.

473 3883 484 3916 ³
501 3884 545 3949 §l
565 3885 667 3935 Neoclis
689 3901 745 3936 csse
768 3887 825 3936 inde
849 3887 1003 3951 colligimus,
1026 3888 1090 3952 qued
1108 3886 1309 3937 commemoratio
1328 3885 1433 3935 duorum
1452 3897 1571 3947 generum

406 3967 546 4016 causarum,
564 3954 595 4002 de
612 3954 702 4019 quibus
721 3951 753 4004 cl.
772 3956 977 4005 commentarium
995 3955 1027 4004 ed
1044 3954 1097 4021 57,
1115 3954 1215 4005 auctori
1232 3953 1306 4004 buius
1319 3952 1335 4018 ξ
1347 3969 1401 4004 cam
1414 3951 1570 4017 Quintiliano

406 4022 542 4071 communis
561 4029 607 4071 est.

474 4089 485 4122 ⁴
502 4090 539 4138 Ad
558 4087 592 4154 ἐξ
604 4091 705 4140 10-44
729 4092 924 4142 conscribendas
949 4091 1114 4142 Anaximenis
1137 4100 1216 4141 artem
1240 4089 1377 4140 adhibitam
1396 4102 1452 4140 csse
1471 4087 1571 4152 censpi-

407 4173 478 4207 cuam
497 4165 537 4208 est
559 4156 602 4216 (cl.
623 4160 827 4210 commentarium
850 4163 881 4210 ed
900 4159 1066 4226 §geo-45).
1102 4175 1181 4225 neque
1200 4166 1284 4209 eutem
1299 4159 1352 4209 alla
1370 4159 1420 4209 alia
1438 4163 1572 4222 praecepta

405 4226 478 4275 Artis
503 4226 553 4276 nisi
574 4229 703 4294 complura
722 4243 816 4292 eorum,
842 4244 905 4294 quae
924 4229 1033 4281 Neocles
1051 4229 1081 4277 de
1101 4228 1258 4279 narrationis
1277 4228 1417 4278 virtutibus
1436 4226 1514 4288 dedit,
1539 4225 1570 4273 ab

406 4294 562 4345 Anaximene
584 4298 692 4360 pendere
714 4298 935 4362 deprehendantur
952 4296 995 4357 (cl.
1014 4312 1088 4363 supra
1107 4314 1129 4362 p.
1142 4295 1245 4359 XLVI).
1281 4297 1366 4361 itaque
1384 4294 1475 4348 Neocli
1495 4293 1569 4342 etiam

406 4362 765 4499 “¹³⁸Ndll⁶‘¹cl¹'⁰”ill¹.⁰
781 4372 835 4484 tt.
861 4364 1085 4486 31ὲῖ3113
1095 4361 1295 4501 tietb?
1308 4363 1570 4487 ²d02‘.1.¹¹.l²ed.¹..ll

660 4472 667 4496 t
1279 4471 1286 4498 1
