3590 5262
692 483 732 493 —
778 443 898 510 XXXV
945 483 984 494 --

252 628 288 698 ἕξ
308 625 375 696 196,
391 623 462 695 221,
479 624 563 701 238),
594 625 781 705 llarpocratio
809 626 844 687 de
875 624 1027 704 speciebus
1055 624 1160 704 epilogi
1186 625 1299 686 diversa
1322 624 1421 686 elocu-

254 727 342 788 tionis
365 737 516 807 praecepta
544 728 593 790 dat
615 731 651 803 §§
666 727 739 800 252,
757 727 818 789 253
841 739 871 789 11
892 728 992 789 eadem
1016 728 1128 788 ratione
1143 731 1180 801 ἓξ
1197 726 1363 788 138-142
1386 728 1422 788 de

253 830 417 891 elocutione
438 831 612 892 narrationis
634 832 738 910 agitur.
793 831 956 892 Alexander
987 849 1039 890 sua
1072 829 1245 891 elocutionis
1266 838 1420 910 praecepta

253 932 393 1013 exemplis
414 951 475 994 non
496 933 632 1007 illustrat,
657 935 853 1014 Harpocratio,
876 951 1055 1016 quamquam
1077 932 1170 1007 §251
1195 932 1335 1013 exemplis
1361 951 1420 995 non

254 1054 327 1115 opus
359 1054 424 1097 esse
457 1036 654 1110 (1111112411
687 1038 829 1118 prooemii
862 1037 1028 1118 exemplum
1052 1036 1147 1098 adfert
1168 1043 1198 1097 et
1218 1035 1341 1109 §§140,
1361 1036 1420 1095 141

254 1138 428 1200 narrationis
450 1140 581 1219 exempla
602 1141 800 1203 inveniuntur.
850 1139 1088 1221 Harpocrationis
1117 1139 1204 1200 verba
1231 1136 1310 1198 1149
1326 1170 1352 1207 23
1374 1156 1423 1198 re·

230 1241 371 1302 *ferenda
393 1251 463 1304 sunt
485 1242 520 1304 ad
543 1244 628 1304 verba
652 1244 743 1314 261⁸.
787 1241 879 1324 quid?
901 1253 1089 1325 praeceptum
1105 1246 1122 1316 ξ
1140 1241 1210 1310 142,
1233 1250 1267 1303 ut
1288 1241 1423 1303 obscuri-

254 1354 307 1418 tas,
337 1345 363 1406 si
393 1365 425 1406 ea
455 1347 497 1407 uti
525 1365 541 1407 e
571 1365 603 1408 11
631 1348 682 1419 sit,
710 1366 769 1408 uon
798 1359 858 1409 tam
886 1347 1050 1408 elocutione
1071 1364 1160 1426 quam
1183 1345 1301 1406 turbato
1323 1363 1423 1406 rerum

253 1449 355 1510 ordine
378 1449 530 1522 efficiatur,
558 1467 658 1511 nonne
685 1449 778 1512 eidem
804 1449 1025 1531 Harpocrationi
1047 1448 1266 1511 attribuendum
1297 1447 1424 1527 estqui

252 1551 283 1612 in
305 1552 393 1612 rebus
415 1552 539 1614 infirmis
562 1553 756 1616 voluntariam
784 1555 991 1617 obscuritatem
1015 1553 1145 1616 adbiberi
1170 1550 1290 1613 iusserit
1310 1547 1423 1625 §tort

253 1655 415 1716 secundum
445 1675 513 1735 ergo
535 1656 686 1736 Epitomes
714 1667 816 1738 caput,
846 1658 955 1738 quippe
985 1657 1015 1718 in
1043 1677 1101 1736 quo
1128 1653 1365 1736 Harpocrationis
1387 1654 1424 1714 de

252 1758 428 1819 narrationis
450 1759 614 1821 elocutione
635 1769 788 1840 praccepta
810 1762 991 1840 detegantur,
1014 1760 1051 1821 ab
1066 1760 1258 1839 epitomatore
1272 1755 1330 1819 τόν
1346 1755 1424 1835 περὶ

253 1855 410 1939 εὑρέσεως
432 1859 584 1943 δεύτερον
605 1861 708 1944 τόμον
739 1863 923 1925 nominatum
956 1882 1020 1925 esse
1042 1871 1132 1942 patet.
1186 1870 1215 1923 at
1250 1861 1425 1941 epitomator
1540 1936 1544 1944 ¹

254 1963 306 2022 ulli
328 1963 415 2043 capiti
431 1964 548 2026 titulum
564 1966 731 2045 praefixisse
747 1967 868 2027 omniuo
891 1966 1041 2045 negandus
1063 1974 1117 2038 est,
1140 1966 1276 2045 quoniam
1298 1963 1425 2026 verbaE

258 2066 352 2137 1⁷4,
376 2066 415 2127 10
430 2094 491 2140 με,
515 2067 642 2138 27741
666 2069 729 2130 eius
759 2069 840 2130 modi
861 2079 938 2138 sunt,
969 2079 1001 2130 ut
1023 2069 1099 2131 tituli
1122 2066 1200 2149 περὶ
1223 2069 1424 2148 προοιμίων,

257 2165 333 2247 περὶ
366 2164 559 2251 διηγήσεων,
589 2170 668 2253 περὶ
701 2173 846 2235 πίστεων
878 2170 1084 2253 supervacanei
1117 2171 1186 2232 sint.
1241 2171 1331 2231 altero
1356 2169 1376 2228 l.
1403 2169 1422 2229 l.

256 2279 372 2332 tantum
392 2272 485 2345 abest,
510 2282 542 2334 ut
564 2273 677 2346 titulus,
700 2275 752 2355 qui
772 2275 803 2336 in
826 2275 849 2335 P
872 2275 949 2336 inter
972 2275 1058 2336 verba
1080 2274 1183 2335 ταῦτα
1205 2271 1283 2353 περὶ
1306 2292 1424 2352 προσι-

256 2366 342 2455 μίων
364 2383 393 2436 11
416 2375 492 2456 περὶ
516 2373 553 2438 dd
574 2376 629 2460 τῆς
651 2374 834 2460 διηγήσεως
854 2376 1000 2439 τοσαῦτα
1029 2377 1138 2438 εἰπεῖν
1161 2373 1276 2457 ἔχομεν
1298 2384 1385 2449 extat,
1408 2393 1424 2435 a

256 2476 342 2537 nobis
366 2477 556 2552 desideretur,
580 2487 614 2540 ut
635 2498 744 2542 nexum
767 2481 979 2542 sententiarum
1007 2499 1041 2541 eo
1068 2478 1234 2560 perturbari
1260 2478 1424 2539 conceden-

259 2581 330 2642 durn
354 2581 400 2641 sit.
444 2599 513 2644 nam
536 2581 582 2643 illa
605 2583 701 2656 verba,
724 2603 798 2663 quae
821 2583 968 2654 discindit,
997 2584 1074 2645 baud
1098 2583 1195 2644 minus
1217 2582 1425 2643 11111111111-

257 2692 324 2744 rent
356 2703 443 2762 quam
473 2693 571 2765 partes
599 2685 739 2747 similium
768 2687 976 2748 transitionum
1004 2685 1088 2747 1132
1104 2719 1125 2760 3,
1148 2687 1230 2753 4411
1251 2703 1347 2763 neque
1376 2703 1424 2745 se-

257 2786 353 2866 parari
375 2797 508 2868 possunt.
564 2788 608 2849 sin
643 2797 742 2850 autem
774 2799 913 2868 quattuor
943 2789 1020 2851 tituli
1053 2789 1159 2850 codicis
1185 2788 1208 2849 P
1231 2787 1424 2868 accipiuntur,

257 2900 325 2951 ante
346 2890 438 2964 §240
461 2893 582 2969 quintus
605 2891 795 2966 desideratur,
818 2912 886 2954 cum
910 2913 941 2954 ea
964 2911 1038 2973 quae
1061 2893 1097 2953 de
1112 2891 1275 2953 elocutione
1291 2889 1424 2951 omnium

257 2993 400 3054 orationis
422 2994 550 3074 partium
572 2998 608 3069 ἐξ
624 2994 792 3057 240-254
815 3006 1011 3076 exponuntur,
1042 3013 1101 3056 non
1128 3013 1182 3075 pro
1207 3002 1290 3074 parte
1312 2993 1423 3073 capitis,

259 3096 338 3174 quod
361 3095 437 3177 περὶ
460 3094 625 3174 duriores
645 3097 824 3171 inscribitur,
851 3098 951 3159 baberi
977 3099 1099 3179 possint.
1156 3100 1253 3177 itaque
1285 3104 1425 3176 quattuor

260 3199 387 3279 capitum
411 3199 512 3262 titulos
534 3200 632 3262 codice
655 3200 677 3261 P
699 3201 821 3262 traditos
843 3211 911 3281 post
933 3201 1134 3280 epitomatoris
1156 3209 1287 3281 tempora
1309 3200 1338 3260 in
1354 3197 1424 3278 Epi-

261 3312 362 3364 tomen
389 3303 542 3383 irrepsisse
569 3322 622 3384 pro
650 3313 729 3366 certo
757 3305 909 3365 babemus.
958 3305 1180 3384 epitomatorem
1211 3301 1301 3362 nihilo
1324 3300 1423 3362 minus

260 3406 406 3485 quendam
436 3406 587 3487 Epitomes
617 3408 714 3470 locum
749 3407 845 3469 verbis
878 3405 914 3469 ἐν
935 3406 981 3489 τῷ
1010 3407 1085 3488 περὶ
1108 3401 1263 3489 εὑρέσεως
1285 3401 1423 3486 δευτέρῳ

260 3504 351 3592 sopp
374 3508 551 3588 significasse
573 3529 607 3571 eo
630 3510 833 3590 explicandum
857 3519 910 3583 est,
934 3511 1011 3588 quod
1028 3510 1058 3571 in
1073 3507 1196 3571 Cornuti
1210 3509 1279 3568 Arte
1302 3523 1423 3586 capara

261 3612 344 3675 cuins
377 3613 521 3694 excerptis
544 3612 779 3694 Harpocrationis
813 3613 849 3674 de
881 3612 1055 3674 narrationis
1088 3610 1251 3673 elocutione
1273 3618 1424 3690 praecepte

261 3716 373 3778 adnexa
395 3724 474 3786 sunt,
495 3734 603 3778 nomen
620 3716 740 3778 secundi
755 3716 791 3777 de
806 3715 973 3778 inventione
989 3715 1062 3777 tomi
1079 3713 1175 3795 gessit.
1220 3733 1255 3774 111
1270 3732 1329 3792 quo
1352 3731 1424 3773 con-

261 3838 387 3899 sequens
419 3827 465 3880 est
486 3818 648 3881 Cornutum
682 3828 819 3899 quattuor
851 3819 888 3880 de
913 3817 1081 3880 inventione
1105 3827 1200 3878 tomos
1222 3825 1252 3877 11
1273 3835 1365 3877 unum
1388 3815 1423 3875 de

261 3921 425 3984 elocutione
447 3930 561 3984 tomum
586 3923 760 3985 distinxisse.
805 3941 872 3984 nam
895 3921 1007 4002 priores
1029 3938 1088 3981 non
1105 3919 1183 4000 περὶ
1199 3914 1354 3999 εὑρέσεως
1369 3915 1423 3979 τό-

262 4045 320 4106 por
342 4025 477 4105 appellati
498 4033 606 4098 essent,
629 4025 685 4088 nisi
707 4027 749 4087 eis
773 4025 848 4106 περὶ
871 4022 986 4096 λέξεως
1008 4020 1105 4105 τόμος
1127 4021 1279 4102 oppositus
1301 4031 1387 4082 esset.

346 4127 459 4189 Pariter
480 4137 568 4208 atque
582 4129 736 4190 Alexandri
762 4139 792 4190 et
813 4125 1048 4208 Harpocrationis
1071 4127 1106 4188 de
1128 4125 1302 4187 narrationis
1324 4124 1424 4185 elocu-

263 4249 303 4258 ι--ι

330 4319 341 4352 ¹
359 4321 409 4371 Sub
432 4321 503 4370 111111
527 4321 601 4371 tertii
622 4322 712 4386 capitis
730 4320 751 4370 Ε
770 4321 841 4372 3911
859 4326 915 4385 post
932 4319 1012 4369 verba
1033 4316 1150 4398 11111111
1167 4318 1213 4398 aral
1228 4317 1293 4435 nep}
1309 4318 1424 4366 πίστεων

264 4389 289 4437 11
312 4389 435 4454 proximis
453 4388 578 4455 epilogum
595 4396 732 4440 tractatum
751 4389 783 4439 iri
802 4404 849 4438 nou
868 4387 1003 4448 indicatur,
1021 4387 1065 4437 scd
1084 4389 1123 4436 lnc
1140 4387 1202 4436 11111
1221 4399 1304 4452 quara
1322 4385 1425 4450 supple-

265 4457 353 4520 vimus,
371 4456 498 4507 excidisse
516 4473 530 4507 1
548 4457 613 4508 locis
632 4459 698 4522 111,
717 4458 776 4510 211
794 4455 962 4520 colligendum
982 4463 1028 4506 cst.

1233 4539 1265 4590 ο*
