3590 5262
702 369 735 374 -
788 330 925 395 XXXIX
974 369 1011 376 --

272 508 476 570 additamentis
498 508 664 588 depravavit
679 509 728 588 (cl.
752 509 817 569 adu.
834 509 904 571 XIII
915 509 949 589 2).
994 519 1091 570 tamen
1107 528 1141 569 er
1157 508 1244 570 huius
1260 509 1354 571 verbis
1370 510 1440 591 Epi-

273 621 367 673 tomes
389 611 475 673 rerba
498 611 625 692 suppleri
648 621 782 693 possunt.
826 622 893 692 post
909 615 1027 695 κυρίως
1042 612 1065 672 Ε
1082 614 1097 672 1
1116 645 1140 681 1³
1159 609 1256 694 (μὲν)
1275 616 1438 676 secuudum

272 714 308 774 W
323 714 374 775 vu
389 714 429 776 52
445 745 470 784 1⁷
497 724 526 776 et
552 723 619 794 post
646 713 763 778 codron
789 718 803 776 1
821 748 847 786 16
872 711 948 801 (dt)
974 716 1136 777 secuudum
1160 715 1197 774 W
1211 716 1248 777 Vl
1264 718 1366 800 511327
1387 737 1435 779 re·

272 818 453 880 stitueudum
477 827 530 879 est.

355 920 565 1002 Etymologiam
598 921 629 982 iu
663 920 797 1002 Epitoma
832 929 965 1001 excerpta
999 921 1062 981 eius
1096 920 1219 982 Cornuti
1246 921 1325 982 Artis
1347 921 1438 1001 partis

272 1024 427 1105 excipiunt,
451 1044 508 1105 qua
530 1024 715 1086 definitiones
737 1025 880 1104 prooemii
895 1024 1132 1086 continebantur.
1177 1025 1339 1086 Cornutum
1355 1045 1438 1088 com-

271 1128 368 1208 plures
402 1128 585 1189 definitiones
618 1127 762 1207 prooemii
795 1128 934 1190 adtulisse
968 1137 1092 1202 constat,
1115 1147 1183 1190 nam
1206 1127 1437 1208 uuiuscqusque

271 1239 435 1293 ceterarum
467 1231 607 1293 orationis
640 1231 766 1312 partium
801 1231 966 1311 complures
998 1232 1180 1294 definitiones
1207 1232 1389 1293 enumeravit
1409 1241 1439 1293 et

271 1336 344 1395 duae
365 1334 507 1414 prooemii
529 1333 713 1395 definitiones
735 1353 770 1394 ex
792 1335 854 1395 eius
877 1334 948 1396 Arte
977 1335 1137 1415 descriptae
1161 1336 1436 1416 deprehenduntur:

269 1438 283 1498 Ι
304 1439 380 1518 apud
396 1437 545 1499 Nicolaum
571 1437 611 1517 Sp
626 1437 666 1497 III
682 1439 742 1500 450
759 1470 784 1508 18
799 1466 843 1492 =
857 1438 895 1498 W
909 1439 936 1499 ll
951 1439 970 1500 6
986 1469 1020 1511 17,
1038 1438 1097 1500 123
1114 1471 1139 1508 21
1161 1433 1343 1521 προοίμιόν
1365 1437 1435 1501 ἐστι

269 1537 366 1617 λόγος
396 1536 655 1624 παρασκευάζων
680 1541 736 1604 τὸν
764 1537 925 1624 άκροαυὴν
953 1540 1007 1602 καὶ
1038 1541 1166 1613 οἰκείως
1194 1540 1364 1616 διατιθεὶς
1390 1541 1437 1615 εἷς

269 1642 327 1707 τόν
348 1639 567 1726 ὑποκείμενον
589 1640 714 1722 λόγονῑ.

269 1748 295 1808 ll
317 1749 393 1828 apud
417 1747 513 1810 HSam
529 1749 566 1808 W
581 1748 632 1808 Vll
654 1747 736 1817 521⁶
758 1747 806 1826 (cl.
830 1749 895 1808 adn.
912 1747 979 1808 XIII
994 1748 1019 1827 1)
1046 1743 1226 1830 προοίμιόν
1250 1745 1320 1810 ἐστι
1343 1744 1438 1826 λόγος

174 1915 177 1922 ,
271 1846 529 1931 παρασκευάζων
550 1849 608 1914 τόν
630 1847 792 1932 ἀκροατὴν
814 1851 861 1922 εἷς
882 1845 1049 1933 ὑποδοχὴν
1075 1851 1131 1932 τῆς
1152 1847 1359 1923 ὑποθέσεως.

267 1953 442 2034 epitomator
471 1974 506 2016 ex
528 1955 581 2016 hac
603 1955 681 2015 Artis
704 1960 785 2034 parte
807 1953 879 2014 nihil
902 1953 959 2014 nisi
981 1953 1095 2015 NeocIIs
1117 1955 1204 2015 verba
1226 1954 1345 2034 recepit.
1390 1954 1438 2016 cui

267 2055 376 2133 E§§5
399 2066 428 2118 et
450 2058 469 2118 6
492 2057 684 2136 adsignandae
706 2065 785 2130 suut,
808 2056 876 2135 quia
898 2057 1029 2118 adfectus
1053 2057 1119 2117 finis
1139 2056 1193 2117 Efi
1208 2091 1220 2128 ῃ
1235 2057 1350 2119 Neoclis
1372 2076 1437 2120 esse

267 2160 360 2236 §223
384 2164 485 2222 fertur.
539 2160 659 2222 Neocles
687 2169 784 2221 autem
817 2160 886 2220 solis
920 2159 1016 2220 verbis
1039 2159 1219 2243 προοίμιόν
1245 2158 1316 2222 ἐστι
1339 2157 1436 2237 λόγος

266 2262 430 2344 κινητικός
452 2261 472 2346 ἢ
493 2259 734 2344 θεραπευτικός
756 2261 819 2324 τῶν
841 2262 899 2325 τοῦ
921 2257 1085 2341 ἀκροατοῦ
1107 2263 1231 2326 παθῶν
1249 2263 1434 2344 prooemium

265 2365 430 2428 definivisse
445 2369 592 2447 putandus
607 2386 667 2428 nou
683 2376 736 2428 est.
774 2385 841 2426 nam
863 2366 934 2428 haec
950 2365 1079 2427 definitio
1095 2366 1218 2428 minime
1234 2376 1331 2429 exacta
1347 2376 1434 2442 esset,

265 2471 316 2531 sed
350 2470 449 2531 eadem
484 2471 519 2532 ad
552 2471 698 2551 epilogum
721 2471 887 2550 quadraret,
921 2487 994 2549 quae
1023 2471 1115 2531 oratio
1138 2471 1279 2533 auditoris
1301 2471 1434 2532 adfectus

265 2592 385 2635 movens
409 2574 452 2634 vel
477 2574 594 2653 placans
616 2575 762 2636 nominari
784 2580 890 2654 potest.
923 2573 1033 2634 accedit
1060 2574 1139 2652 quod
1166 2592 1183 2633 e
1208 2574 1340 2653 proxima
1362 2574 1434 2654 Epi-

265 2685 358 2738 tomes
381 2677 525 2738 sententie
548 2676 800 2760 παρασκευάσαι
823 2677 885 2759 γὰρ
907 2672 1071 2760 ἀκροατὴν
1091 2671 1253 2739 ἀδύνατον
1274 2671 1321 2759 μή
1344 2674 1434 2758 κινή-

264 2795 368 2842 σαντα
400 2776 420 2862 ἢ
452 2777 709 2862 θεραπεύσαντα
739 2780 779 2844 τὰ
813 2780 849 2845 ἐν
882 2777 970 2866 αὐτῷ
1004 2776 1101 2862 πάθη
1124 2781 1260 2843 Neoclem
1282 2782 1433 2862 prooemio

264 2884 426 2946 auditorem
449 2885 613 2965 praeparari
635 2895 719 2947 autea
742 2885 850 2947 dixisse
871 2887 1065 2966 cohigeudum
1089 2893 1145 2946 est.
1189 2904 1277 2966 supra
1307 2885 1433 2946 vidimus

264 2987 314 3066 (cl.
348 2988 414 3050 adu.
439 2988 493 3049 Xll
507 2989 532 3065 1)
565 2987 702 3050 Neoclem
734 2990 806 3050 duas
839 2989 1064 3069 enthymematis
1098 2988 1281 3050 definitiones
1312 2988 1433 3061 dedisse,

263 3109 387 3169 quarum
415 3091 503 3152 altera
530 3092 708 3154 wvl1762
725 3123 749 3160 rs
777 3093 1004 3173 enthymematis
1032 3099 1167 3152 naturam
1194 3092 1233 3152 ita
1262 3092 1373 3164 definit,
1396 3100 1430 3153 ut

263 3194 362 3255 eadem
396 3194 432 3254 ad
465 3194 640 3274 epichirema
673 3197 774 3258 relerri
807 3196 911 3276 possit,
937 3195 1027 3256 altera
1053 3193 1263 3274 enthymemati
1286 3195 1341 3256 soli
1363 3205 1430 3275 apta

263 3305 317 3357 est.
360 3296 496 3358 Neoclem
520 3299 609 3378 igitur
630 3300 717 3361 etiam
742 3300 813 3360 duas
835 3298 979 3380 prooemii
1004 3296 1188 3358 definitiones
1217 3297 1329 3360 dedisse
1352 3306 1381 3358 et
1404 3299 1430 3359 ei

263 3399 460 3462 definitionem
483 3401 518 3462 ab
540 3402 589 3464 HS
612 3410 754 3464 servatam
779 3402 877 3464 deberi
900 3401 960 3463 reri
983 3400 1078 3462 simile
1100 3409 1154 3461 est.

345 3502 377 3563 lu
398 3503 518 3565 Comuti
533 3504 611 3566 Artis
634 3517 725 3585 parte,
748 3506 831 3567 cuius
855 3513 989 3586 excerpta
1004 3504 1027 3565 E
1042 3507 1078 3579 ξς
1095 3504 1123 3576 7,
1140 3501 1159 3563 8
1181 3501 1327 3577 exhibent,
1350 3503 1429 3564 uude

261 3605 410 3686 prooemia
438 3607 576 3686 capienda
599 3618 698 3670 esseut
719 3610 921 3688 quaerebatur.
970 3609 1005 3669 ad
1033 3608 1154 3669 eandem
1182 3605 1382 3686 quaestionem
1405 3606 1429 3666 E

261 3709 313 3784 §3
336 3709 472 3789 pertinet,
502 3729 589 3789 quam
616 3712 653 3773 ab
682 3712 874 3793 epitomatore
904 3714 976 3774 falso
1003 3712 1066 3773 loco
1089 3711 1257 3772 collocatam
1281 3729 1351 3771 esse
1368 3719 1429 3771 sta-

260 3813 381 3874 tuimus.
412 3814 489 3893 apud
504 3812 667 3876 Cornutum
690 3816 778 3895 igitur
793 3820 830 3892 ξς
842 3818 871 3890 7,
887 3815 906 3878 8
930 3826 960 3878 ει
979 3814 1030 3891 §3
1054 3814 1224 3876 coniunctas
1246 3813 1337 3875 fuisse
1358 3831 1427 3892 pro-

260 3916 354 3977 babile
376 3926 430 3978 est.
485 3935 551 3977 cum
574 3917 598 3977 E
620 3919 672 3993 §7
696 3928 725 3980 et
746 3920 868 3981 Cornuti
890 3919 969 3980 Artis
1002 3927 1136 3997 excerpta
1170 3918 1247 3997 apud
1273 3915 1423 3977 Nicolaum

262 4018 738 4099 sp11147320=W1161032
765 4033 852 4101 atque
879 4023 954 4103 apud
978 4021 1074 4082 HSam
1098 4019 1199 4081 Wllll
1215 4021 1256 4080 54
1272 4052 1297 4090 13
1319 4029 1349 4080 et
1370 4019 1427 4082 De-

328 4210 424 4262 1Ηιυο
448 4213 618 4264 definitionem
639 4211 867 4278 Apollodoreorum
890 4227 948 4262 osse
970 4213 1136 4278 suspicamur,
1159 4227 1213 4262 eum
1237 4213 1261 4263 ei
1284 4211 1426 4261 definitioni

261 4277 508 4360 ἔργουπροοιμίου
526 4281 685 4352 respoudeat,
708 4297 780 4346 quem
798 4283 823 4330 iu
842 4283 1021 4336 commentario
1041 4283 1070 4332 ad
1089 4281 1165 4336 uto
1183 4280 1363 4353 Apollodoreis
1381 4280 1426 4332 ad-

260 4363 416 4414 scripsimus.
