3590 5262
725 398 955 464 „Lv-

253 575 331 655 quod
360 593 393 636 ea
421 575 469 638 hic
490 595 607 657 quoque
629 594 772 638 numerus
793 586 1016 659 praeceptorum
1040 579 1139 641 Neocli
1161 588 1313 661 pergratus
1336 599 1421 644 recu-

251 688 379 759 peratur.
422 681 589 760 proximum
614 680 649 742 de
678 682 892 761 compositione
920 683 1130 746 obscuritatem
1159 684 1304 746 efficiente
1332 704 1418 765 prae-

253 792 389 864 ceptum,
422 785 501 864 quod
533 803 600 847 cum
629 783 657 846 ei
683 784 769 846 verba
797 781 920 867 μήκους
946 781 1116 870 περιόδων
1142 787 1197 849 καὶ
1224 781 1422 870 ἀλληγορίας

252 887 519 967 adglutinarentur‚
547 889 644 969 ipsum
667 887 837 950 mutilatum
860 907 925 951 esse
947 889 1076 962 videtur,
1107 893 1230 953 tortasse
1253 892 1310 954 hoc
1332 893 1421 953 modo

254 992 451 1073 supplendum
466 1000 512 1052 est
533 987 590 1052 καὶ
612 984 707 1071 (ὅταν
728 1014 778 1065 τις
799 991 921 1076 χρῷτο)
943 991 983 1079 τῇ
1003 995 1161 1057 συνθέσει
1183 993 1228 1077 μη
1252 990 1343 1085 ἀπλῇ
1365 993 1421 1058 καὶ

253 1096 336 1158 κατὰ
350 1091 466 1180 φύσιν,
479 1090 565 1157 ἀλλά
576 1089 907 1180 ἀι’ὑπερβατῶν<καὶ
919 1093 1420 1182 μεταξυλονιῶντεταραμμένη).

253 1195 484 1281 μεταξυλογίαι
511 1199 589 1261 enim
616 1218 632 1260 a
655 1199 774 1260 Theone
797 1199 879 1280 Spll
899 1198 981 1269 821„
1010 1219 1068 1261 una
1096 1219 1163 1263 cum
1194 1202 1361 1282 hyperbatis
1387 1211 1422 1265 ut

252 1321 300 1364 res
322 1303 495 1365 elocutionis
517 1303 719 1384 perspicuitati
741 1303 843 1366 noxiae
865 1303 1096 1365 enumerantur¹
1119 1312 1149 1365 et
1167 1305 1268 1366 eadem
1284 1305 1419 1367 Neoclem

252 1406 283 1467 in
310 1416 465 1487 praecepto
488 1407 523 1469 de
545 1426 605 1487 quo
627 1407 742 1486 agimus
764 1407 952 1469 coniunxisse
975 1406 1241 1471 verisimillimum
1265 1418 1324 1482 est,
1352 1424 1420 1471 cum

254 1509 370 1572 duobus
405 1509 547 1572 membris
572 1510 679 1591 prioris
707 1511 799 1592 partis
826 1511 974 1592 praecepti
1002 1504 1092 1599 ἁπλῇ
1118 1510 1175 1572 καί
1205 1509 1289 1573 κατά
1317 1508 1422 1596 φύσιν

252 1615 341 1674 altera
367 1632 435 1695 pars
465 1615 568 1676 melius
594 1615 785 1695 respondeat,
816 1615 842 1676 si
869 1615 942 1677 duae
965 1633 1012 1678 res
1035 1614 1280 1695 compositionem
1303 1625 1421 1697 pertur-

252 1717 355 1780 bantes
377 1719 555 1780 adferantur.

337 1821 422 1884 Nunc
447 1822 548 1903 paucis
575 1822 611 1884 de
632 1821 795 1902 praeceptis
817 1809 1017 1884 credibilitatis
1044 1821 1246 1883 disserendum
1270 1830 1325 1882 est.
1363 1822 1420 1883 Ge-

252 1933 366 1986 ometra
392 1943 571 2005 quamquam
601 1934 697 1987 totum
725 1934 929 2006 praeceptum,
957 1926 1036 2006 quod
1064 1925 1216 2004 Epitomae
1239 1926 1333 1998 deest,
1360 1943 1421 1986 non

253 2026 382 2101 exhibet,
412 2035 511 2090 tumen
538 2028 704 2109 complures
730 2027 985 2091 adnotatiunculas
1012 2028 1048 2091 ab
1076 2028 1269 2109 epitomatore
1295 2029 1420 2091 omissas

252 2130 337 2192 nobis
360 2131 537 2212 suppeditat.

252 2235 288 2294 W
310 2234 336 2295 ll
362 2234 451 2307 235⁶
482 2235 561 2298 enim
595 2244 767 2317 praecepto,
802 2243 835 2298 ut
865 2235 1023 2316 particulae
1056 2235 1231 2298 narrationis
1265 2253 1339 2314 quae
1373 2235 1419 2297 di-

295 2349 404 2400 cuntur
429 2350 614 2420 exponantur
636 2338 839 2420 (=E§90)‚
873 2340 945 2401 haec
967 2338 1113 2400 sententia
1135 2337 1264 2400 additur:
1298 2335 1420 2418 τὸγὰρ

296 2439 355 2504 ded
384 2440 519 2506 πάντων
545 2439 713 2514 ἐπεξιέναι
740 2440 842 2515 δόξαν
867 2439 948 2526 ἡμῖν
975 2444 1113 2524 παρέχει
1139 2440 1198 2504 τοῦ
1224 2439 1280 2503 καὶ
1307 2435 1420 2513 αὐτοῖς

296 2554 454 2628 παρεῖναι
476 2555 547 2620 τοῖς
569 2542 742 2628 πράγμασι
765 2545 821 2608 καὶ
844 2539 958 2630 ἀληθῆ
979 2544 1086 2625 λέγειν
1107 2548 1318 2629 παρίστησιν.

251 2652 288 2712 W
307 2653 334 2713 ll
353 2651 457 2721 23510
488 2659 654 2732 praecepto,
688 2661 722 2712 ut
754 2668 856 2712 omnes
889 2650 1046 2731 particulae
1078 2657 1212 2711 accurate
1246 2654 1420 2710 enarrentur

295 2756 349 2834 (=
364 2756 387 2816 tt
402 2759 420 2830 ξ
435 2754 499 2833 92),
522 2755 609 2816 verba
632 2754 843 2816 adnectuntur:
867 2749 906 2816 οὗ
931 2748 994 2836 γάρ
1017 2749 1110 2835 ἀρκεῖ
1131 2751 1168 2816 τὸ
1193 2748 1296 2825 οὕτως
1318 2748 1421 2833 μόνον

294 2857 404 2939 παρῆν
426 2858 537 2920 εἰπεῖν
559 2853 643 2920 ἀλλά
664 2856 720 2919 καὶ
741 2857 779 2919 τὸ
801 2855 938 2930 τοιῶςδε
959 2853 980 2941 ἢ
1002 2855 1146 2930 τοιῶςδε.

251 2960 326 3021 Wll
341 2960 430 3032 236³
452 2970 650 3043 praeceptum,
678 2971 711 3024 ut
733 2961 857 3042 simplex
879 2960 1003 3022 elocutio
1026 2960 1198 3023 adhibeatur
1220 2959 1308 3040 (=E
1324 2959 1419 3034 §97),

294 3064 443 3144 excipiunt
475 3064 575 3126 verba:
616 3062 718 3136 δόξαν
753 3061 814 3148 γάρ
852 3063 908 3146 τῆς
940 3059 1110 3147 ἀκριβείας
1142 3061 1198 3125 καὶ
1232 3063 1420 3145 φαντασίαν

293 3169 431 3246 παρέχει
460 3167 516 3250 τῆς
539 3162 714 3251 ἀληθείας,
748 3163 790 3241 ὥς
823 3164 1066 3251 ἀπερίσκεπτος
1095 3166 1151 3229 καὶ
1173 3166 1232 3248 την
1253 3161 1420 3246 ἀλήθειαν

293 3271 488 3352 μιμουμένη.
809 3277 811 3282 ’

252 3375 305 3436 has
339 3383 398 3435 tres
432 3375 605 3449 sententias,
638 3393 706 3437 cum
741 3375 817 3437 haud
852 3375 916 3437 sine
949 3375 1057 3438 iudicio
1090 3375 1216 3457 scriptae
1249 3373 1323 3446 sint,
1360 3388 1419 3450 quo

252 3479 407 3540 Geometra
429 3486 525 3551 caret,
553 3477 668 3540 eteius
692 3477 772 3539 modi
793 3478 990 3541 additamenta
1012 3486 1235 3561 praeceptorum
1258 3496 1275 3538 a
1298 3473 1419 3538 Cornuti

251 3587 321 3644 Arte
353 3581 431 3643 haud
464 3581 557 3642 aliena
589 3599 653 3643 esse
687 3581 834 3645 similibus
868 3582 1021 3644 sententiis
1054 3583 1205 3664 Epitomes
1231 3580 1328 3649 181⁶,
1353 3577 1419 3647 15⁶

252 3686 487 3758 demonstretur,
516 3684 639 3746 Cornuti
660 3685 723 3746 drti
746 3686 845 3747 deberi
866 3686 928 3748 veri
950 3685 1133 3747 simillimum
1157 3693 1213 3747 est.
1258 3702 1294 3744 ex
1316 3681 1417 3742 eadem

252 3790 408 3851 Geometra
437 3788 570 3868 energiae
593 3790 759 3870 exemplum
783 3788 819 3849 W
834 3791 860 3851 ll
876 3789 937 3851 235
954 3823 994 3864 as,
1028 3788 1107 3869 quod
1134 3788 1244 3868 optime
1271 3785 1417 3847 delectum

252 3901 305 3967 est,
328 3891 359 3952 in
382 3891 627 3955 commentarium
652 3911 738 3954 suum
763 3893 998 3974 transscripsisse
1019 3892 1148 3953 videtur:

252 3991 335 4060 οὕτω
381 3995 462 4073 γοῦν
509 3995 564 4058 καὶ
603 3997 824 4079 Δημοσθένης
862 3994 898 4058 ἐν
936 3995 983 4079 τῷ
1015 3992 1099 4057 τατά
1131 3989 1417 4077 Ἀριστοκράτους·

318 4220 328 4254 1
346 4217 378 4272 τὸ
394 4215 549 4288 ὑπερβατὸν
566 4227 593 4271 et
609 4219 806 4288 μεταξοίοηίαν
822 4225 893 4270 arcte
907 4217 1043 4270 cohaerere
1055 4217 1196 4268 Alexandri
1208 4219 1239 4269 de
1251 4215 1338 4281 liguris
1349 4217 1418 4269 libro

251 4291 423 4341 confirmatur.
458 4290 492 4357 Sp
506 4288 540 4341 lll
563 4289 622 4343 ess
645 4290 750 4354 liguram
771 4284 924 4355 ὑπερβατοῦ
946 4287 1028 4352 ligure
1048 4278 1203 4355 παρεμβολή
1225 4288 1354 4338 nominata
1378 4303 1418 4338 so·

251 4359 345 4423 quitur,
364 4375 427 4425 quac
444 4359 511 4409 haud
529 4358 633 4411 diversa
650 4365 690 4408 est
707 4359 737 4408 ab
757 4373 795 4422 ea,
812 4373 884 4424 quarn
896 4356 967 4407 Theo
984 4357 1181 4425 μεταξυλογίαν
1193 4356 1267 4407 dixit.
1296 4354 1329 4407 cl.
1349 4355 1381 4406 W
1396 4355 1418 4408 V

250 4427 300 4476 453
314 4444 346 4481 m.
