3586 5260
846 369 1064 433 *40-

372 544 468 630 ἦθῶν
495 541 551 609 καὶ
577 547 703 609 παθῶν
730 549 902 627 περιέχων.
956 547 1025 609 109.
1058 543 1100 620 ὥς
1128 544 1166 609 δέ
1191 569 1289 621 τινες,
1314 549 1411 630 μέρος
1439 542 1539 624 λόγου

371 647 510 714 ὕστατον
541 646 706 730 ἑπόμενον
735 647 846 735 (ταῖς)
877 646 1101 722 ἀποδείξεσιν.
1121 687 1162 696 -
1187 687 1226 696 -
1250 689 1288 695 -
1333 652 1404 713 200.
1434 646 1476 723 τός
1503 648 1540 712 δὲ

366 751 591 838 Ἀλέξανδρος,
616 750 711 832 λόγος
734 753 936 836 ε’πιρραννδς
958 754 999 816 τὰ
1021 755 1186 839 εἰρημένα.

456 857 527 919 201.
563 857 646 940 Περὶ
676 856 714 921 δέ
740 857 799 921 τοῦ
826 855 909 921 πότε
938 855 1026 942 αὐτῷ
1052 859 1210 941 χρηστέον
1239 860 1294 919 καὶ
1323 860 1425 920 ποίαν
1452 852 1541 940 αὐτῷ

371 959 485 1025 δοτέον
512 959 617 1037 τάξιν,
646 959 682 1024 έν
707 971 778 1034 τοῖς
808 959 885 1041 περὶ
914 965 1103 1045 προοιμίων
1131 963 1272 1045 εἴρηται·
1301 959 1342 1023 τό
1369 959 1431 1044 γὰρ
1458 956 1576 1023 αὐτότὸ

371 1063 428 1126 καὶ
450 1058 509 1127 ἐπὶ
531 1065 597 1127 τῶν
619 1062 787 1143 ἕπτλόγων
809 1065 919 1129 εἰπεῖν
942 1063 1076 1130 ἔνεστιν.

456 1169 528 1231 202.
556 1161 624 1231 Ἰνα
653 1166 690 1230 δὲ
717 1165 760 1252 μη
790 1164 950 1253 θαυμόση
978 1193 1028 1243 τις
1050 1171 1081 1233 εἰ
1104 1172 1279 1252 συμβαίνει
1301 1167 1338 1229 τὸ
1362 1169 1543 1249 προοίμιον

371 1271 426 1335 καὶ
448 1271 507 1355 τὴν
530 1268 685 1355 διήγησιν
708 1275 763 1335 καί
785 1271 842 1336 τόν
862 1267 1021 1350 ἐπίλογον
1044 1271 1319 1356 παραλείπεσθαι
1336 1271 1391 1333 καὶ
1407 1269 1442 1334 ἒν
1458 1265 1542 1333 ἀπο-

372 1375 495 1448 δείξεσι
523 1371 641 1457 μόναις
669 1377 756 1439 εἶναι
783 1374 820 1438 τό
853 1373 988 1459 ζήτημα,
1018 1370 1296 1460 παραθησόμεθό
1322 1397 1354 1436 τι
1376 1374 1542 1436 τοιοῦτον·

373 1481 453 1563 φέρε
474 1476 537 1563 γὰρ
559 1476 595 1542 έν
618 1477 743 1563 σταδίῳ
767 1478 901 1561 δρομεῖς
928 1477 1203 1563 διαμφισβητεῖν,
1231 1477 1289 1542 τόν
1312 1476 1371 1559 μέν
1394 1477 1441 1551 είς
1467 1476 1543 1550 τοὺς
1565 1489 1599 1542 10

372 1575 543 1664 ὕσπληγος
565 1577 731 1665 ’πρότερον
758 1582 970 1659 είσπεσόντα,
999 1582 1057 1646 τόν
1085 1582 1122 1646 δὲ
1147 1581 1183 1644 τό
1211 1583 1369 1664 βραβεῖον
1392 1596 1544 1663 κεκομισ-

373 1688 485 1768 μένον·
514 1683 662 1748 ένταῦθα
687 1685 750 1768 γὰρ
779 1684 853 1749 οότε
878 1687 938 1750 τοῦ
967 1690 1148 1771 προοιμίου
1175 1687 1269 1768 χρεία
1297 1682 1371 1747 οὔτε
1391 1684 1447 1768 τῆς
1469 1682 1544 1767 διη-

373 1786 497 1872 γήσευις
520 1785 594 1852 οὔτε
617 1785 789 1867 ἐπιλόγου,
814 1785 899 1853 ἀλλὰ
921 1787 1022 1874 μόνης
1045 1786 1255 1861 ἀποδείξεως.

458 1891 530 1953 203.
567 1898 759 1975 Διαιρεῖται
794 1892 831 1956 δὲ
865 1889 883 1954 ὁ
917 1891 1073 1971 ἐπίλογος
1106 1894 1153 1967 είς
1188 1889 1260 1975 εἴδη
1284 1888 1357 1966 δόο,
1382 1893 1430 1964 εἲς
1451 1913 1486 1953 τε
1508 1887 1544 1953 τδ

375 1993 556 2077 πρακτικόν
578 1993 633 2058 καὶ
655 1993 693 2058 τό
717 1993 917 2080 παθητικόν.
967 1995 1022 2059 καὶ
1045 1997 1102 2061 τοῦ
1125 1994 1186 2078 μὲν
1208 1995 1389 2075 πρακτικοῦ
1412 1993 1503 2057 ε’στιν
1525 1990 1545 2078 ἦ
1567 2004 1601 2058 15

374 2095 677 2183 ἀνακεφαλαίωσις,
701 2099 759 2161 τοῦ
782 2098 819 2162 δέ
842 2101 1036 2182 παθητικοῦ
1058 2100 1094 2163 τὸ
1117 2099 1158 2162 τὰ
1178 2096 1277 2182 παθη
1294 2095 1547 2170 κατασκευάζειν

285 2231 359 2274 pm,
376 2201 432 2264 καὶ
449 2199 607 2283 ρωννόειν
620 2200 677 2264 τόν
692 2199 800 2281 λόγον.
824 2204 896 2265 204.
913 2198 992 2266 ὅταν
1006 2203 1067 2286 μὲν
1083 2199 1139 2267 οὖν
1155 2200 1264 2265 πολλὰ
1280 2222 1298 2289 η
1314 2199 1355 2263 τό
1379 2201 1546 2284 εἰρημένα,

290 2306 363 2362 1251
377 2299 458 2367 ὥστε
480 2303 524 2388 μη
547 2306 740 2389 μεμνῆσθαι
760 2304 835 2378 τοὺς
852 2301 1042 2380 δικοόοντας,
1064 2308 1068 2384 Ι
1087 2305 1126 2393 τῇ
1140 2298 1323 2388 οἷναμνησει
1338 2300 1546 2387 χρησόμεθα,

375 2402 454 2471 όταν
485 2405 522 2470 δέ
549 2404 664 2485 ὀλίγα,
694 2407 950 2493 παραλείψομεν
975 2407 1034 2492 την
1064 2404 1257 2492 ἀνάμνησιν.
1314 2408 1386 2469 205.
1421 2409 1477 2470 καὶ
1510 2408 1546 2470 τό

376 2509 568 2594 παθητικὸν
596 2509 634 2574 δέ
661 2515 758 2594 μέρος
787 2508 956 2586 όσαότως·
981 2508 1061 2575 ὅταν
1083 2511 1226 2597 μὲνγὰρ
1249 2513 1326 2593 περὶ
1350 2511 1385 2574 τό
1410 2513 1547 2594 πρᾶγμα
1567 2524 1602 2580 20

442 2662 520 2728 0202
534 2663 578 2714 All
590 2664 797 2718 Marcell.le
812 2666 861 2716 425
874 2677 952 2719 lto-tt
984 2663 1063 2731 0204
1075 2665 1288 2718 Marcell.le
1300 2667 1349 2718 426
1362 2679 1441 2721 11-19
1470 2664 1547 2731 0205

376 2731 422 2783 All
439 2731 557 2784 Marcell.
572 2733 604 2784 W
617 2732 650 2786 lV
670 2733 719 2782 421
734 2750 800 2789 ε-1ο

445 2914 537 2971 λταῖς
555 2915 601 2965 add
616 2913 672 2965 Wil
725 2907 951 2984 34πιρρωννόοιν
968 2915 1084 2966 Marcell.
1140 2917 1171 2966 10
1190 2911 1241 2968 δύο
1269 2913 1450 2985 ἀμφισβητεῖν
1462 2915 1511 2979 Sag
1541 2913 1550 2982 11

374 2980 435 3040 τούς
458 2981 657 3051 συμπλῆγαςΡ
680 2979 724 3040 τὰς
745 2980 886 3051 ὕσπληγος
902 2985 959 3048 Sag,
981 2979 1044 3040 τοὺς
1065 2979 1205 3051 ὕσπληγος
1221 2984 1254 3051 Sp
1309 2986 1337 3034 11
1363 2978 1456 3054 ᾗὸοςι
1479 2985 1550 3048 εῖηΡ

444 3164 527 3230 0109
554 3179 623 3220 τινες
645 3165 661 3214 1.
680 3180 702 3214 e.
725 3162 905 3229 Apollodorei,
931 3180 993 3230 quos
1020 3165 1146 3231 epilogum
1174 3181 1273 3232 semper
1301 3171 1440 3215 extremum
1468 3165 1550 3214 loourn

376 3241 465 3285 tenere
479 3233 594 3284 voluisse
612 3240 709 3283 certum
728 3239 768 3282 est
786 3232 818 3283 ef.
837 3232 906 3298 021,
942 3233 1036 3298 quade
1054 3249 1128 3284 nausa
1141 3235 1197 3290 ταῖς
1209 3231 1380 3292 ἀποδείξεσιν
1391 3233 1550 3284 scribendum

377 3303 453 3354 esti.
475 3319 496 3354 a.
515 3303 578 3352 totis
602 3301 640 3352 ais
664 3301 864 3367 probationibus,
887 3317 950 3367 quae
972 3303 1151 3368 paenultimam
1171 3303 1295 3352 orationis
1314 3309 1410 3368 partem
1429 3299 1550 3353 officiunt.

378 3379 467 3421 oontra
485 3371 595 3423 Neocles
618 3371 643 3420 in
670 3369 917 3434 delinitione§198
940 3371 1076 3421 articulum
1099 3379 1157 3422 ante
1179 3365 1354 3428 ἀποδείξεσιν
1372 3370 1467 3433 omisit,
1494 3371 1552 3436 qnia

378 3441 504 3506 epilogum
530 3439 605 3490 etiam
629 3440 652 3486 in
676 3439 758 3489 medio
777 3439 795 3487 i.
815 3455 836 3488 e.
873 3445 930 3504 post
953 3441 1066 3503 singulas
1090 3439 1254 3505 probationes
1274 3441 1333 3505 poni
1354 3455 1426 3504 posse
1444 3441 1551 3490 censuit.

377 3509 480 3580 μέρος
496 3505 596 3576 λόγου
613 3501 762 3557 ὕστατον
779 3509 916 3572 respondet
929 3509 1051 3574 prooemii
1062 3508 1174 3558 delinitio
1187 3508 1275 3573 Apsin.
1289 3507 1404 3574 Spleai
1421 3525 1433 3560 ι
1451 3508 1553 3578 εἴρηται

377 3578 428 3644 μέν
454 3593 516 3628 τινα
539 3577 586 3626 καὶ
607 3577 662 3631 τοῖς
685 3571 739 3643 πρὸ
762 3570 842 3642 ἡμῶν
862 3578 928 3642 περὶ
950 3581 1142 3644 προοιμίου..
1165 3571 1209 3626 ὅτι
1231 3572 1300 3643 ἀρχὴ
1322 3575 1370 3626 τοῦ
1393 3571 1553 3642 σύμπαντος

378 3641 470 3711 λόγου.
503 3643 525 3694 ll
544 3643 611 3693 Prol.
631 3645 660 3693 de
678 3642 732 3696 lnv.
746 3643 780 3694 W
794 3643 838 3695 VII
857 3645 915 3696 68o
937 3643 1088 3712 προοίμιόν
1110 3644 1185 3697 ἔστιν
1206 3638 1277 3713 ἀρχὴ
1296 3643 1373 3709 (rori)
1394 3643 1554 3711 σύμπαντος

379 3709 471 3782 λόγου.
507 3712 588 3778 0201
613 3710 648 3764 ἐν
665 3715 735 3768 τοῖς
752 3716 830 3777 περὶ
849 3718 1044 3782 προοιμίων
1063 3715 1204 3778 relegamur
1222 3715 1252 3763 ad
1272 3711 1305 3778 00
1317 3713 1407 3779 26sqq.
1429 3715 1502 3763 etad
1524 3730 1553 3765 ea

379 3784 441 3851 περὶ
459 3771 558 3841 τάξεως
575 3784 724 3852 προοιμίου
741 3783 829 3845 verba,
848 3797 911 3847 qaae
925 3781 1082 3847 Epitomntor
1096 3784 1189 3833 omisit.
1209 3781 1240 3833 oi.
1255 3782 1445 3844 Prolegomena.
1476 3782 1552 3846 0202

380 3853 428 3906 εἰς
457 3849 533 3905 τοὺς
563 3845 732 3917 ὕσπληγος
763 3850 815 3901 κτὲ
846 3852 876 3900 de
905 3852 989 3900 dieulo
1017 3852 1178 3915 cogitandum
1207 3866 1262 3902 esse
1288 3849 1414 3916 Sauppins
1441 3850 1553 3901 adnotat.

380 3919 414 3986 00
427 3919 563 3970 roa-206
575 3917 688 3969 Neoelis.
724 3918 802 3984 0203
815 3917 901 3983 Quint.
916 3917 949 3970 Vl
965 3923 974 3970 1
993 3935 1004 3970 1
1022 3919 1117 3987 duplam
1129 3922 1195 3970 ratio
1207 3923 1245 3968 est
1257 3919 1461 3984 (perorationis),
1472 3923 1554 3987 posito

379 3992 426 4039 aut
443 3991 471 4038 τίι
488 3988 561 4039 robae
579 3991 625 4037 aut
643 3991 668 4037 τίι
685 3988 834 4055 adsentitur.
871 3987 901 4038 el.
918 3988 952 4038 W
965 3987 999 4039 lV
1012 3989 1061 4039 412
1075 4006 1109 4052 aa,
1127 3989 1224 4052 41519,
1242 3989 1291 4038 411
1305 4003 1339 4048 aa,
1359 3986 1403 4038 Vll
1421 3987 1469 4038 331
1483 4004 1554 4042 no=

381 4057 404 4108 V
423 4058 472 4108 285
488 4072 513 4118 83
532 4055 641 4120 Longini
654 4056 716 4107 Exn.
730 4058 767 4105 eal.
782 4057 841 4106 llal.
855 4073 877 4122 p.
894 4057 937 4106 111
954 4073 980 4118 1;
1001 4057 1088 4122 Apsin.
1103 4057 1137 4122 Sp
1149 4057 1159 4108 l
1172 4057 1267 4110 38411.
1303 4055 1381 4120 0204
1400 4053 1469 4106 Theo
1487 4057 1520 4122 Sp
1532 4055 1554 4106 ll

382 4125 413 4176 18
429 4141 441 4177 4
460 4121 734 4192 οἱναιιεφαλαιοῦσθαι
752 4123 780 4175 δὲ
795 4120 858 4195 χρὴ,
878 4120 946 4176 ὅταν
962 4125 1062 4175 πολλαὶ
1080 4127 1125 4175 καὶ
1144 4126 1254 4192 ἰσχυραὶ
1273 4117 1341 4175 ὦσιν
1351 4121 1500 4176 donantve)
1509 4127 1556 4175 καὶ

382 4197 552 4256 κατασκευαί,
572 4192 632 4244 ἐπεὶ
650 4187 716 4245 ὅταν
728 4188 818 4262 ὀλίγαι
830 4192 874 4242 καὶ
888 4188 1024 4258 ἀσθενεῖς,
1043 4189 1075 4244 οὐ
1087 4196 1279 4264 παραληπτέον
1291 4190 1339 4256 τὴν
1349 4188 1554 4261 ἀνακεφαλαίω-

384 4274 435 4314 σιν.
472 4261 558 4327 Quint.
572 4259 606 4312 Vl
626 4264 635 4312 1
653 4280 665 4316 8
683 4278 755 4313 reema
776 4262 927 4313 dubitaverit
947 4262 1042 4313 multon
1063 4279 1117 4313 esre
1139 4277 1237 4325 ουυεαε,
1263 4266 1289 4312 in
1312 4263 1402 4328 quibus
1418 4261 1486 4314 nullo
1503 4261 1555 4312 loon

382 4333 417 4451 ppt
438 4324 873 4464 ιιοαέοεεηνίὲτ212ονακε1μαλαίωσις),
899 4333 924 4380 ετ·
945 4332 1029 4381 brenen
1050 4335 1075 4381 et
1094 4331 1221 4398 simplices
1231 4333 1345 4398 suerint.
1381 4330 1459 4396 0205
1479 4325 1556 4384 ὅταν

404 4415 471 4450 ext
510 4415 542 4449 o.
623 4437 629 4450 .
