<?xml version="1.0" encoding="UTF-8"?>
<!DOCTYPE html PUBLIC "-//W3C//DTD XHTML 1.0 Transitional//EN"
    "http://www.w3.org/TR/xhtml1/DTD/xhtml1-transitional.dtd">
<html xmlns="http://www.w3.org/1999/xhtml" xml:lang="en" lang="en">
 <head>
  <title>
</title>
<meta http-equiv="Content-Type" content="text/html;charset=utf-8" />
  <meta name='ocr-system' content='tesseract 3.04.00' />
  <meta name='ocr-capabilities' content='ocr_page ocr_carea ocr_par ocr_line ocrx_word'/>
</head>
<body>
  <div class='ocr_page' id='page_1' title='image "./cornutiartisrhe00graegoog_0075.png"; bbox 0 0 3590 5262; ppageno 0'>
   <div class='ocr_carea' id='block_1_1' title="bbox 842 387 1118 452">
    <p class='ocr_par' dir='ltr' id='par_1_1' title="bbox 842 387 1118 452">
     <span class='ocr_line' id='line_1_1' title="bbox 842 387 1118 452; baseline 0 0"><span class='ocrx_word' id='word_1_1' title='bbox 842 425 877 434; x_wconf 83' lang='lat'>—</span> <span class='ocrx_word' id='word_1_2' title='bbox 929 387 1031 452; x_wconf 87' lang='lat' dir='ltr'>LXIV</span> <span class='ocrx_word' id='word_1_3' title='bbox 1078 423 1118 434; x_wconf 91' lang='lat'>-</span> 
     </span>
    </p>
   </div>
   <div class='ocr_carea' id='block_1_2' title="bbox 393 561 1571 4164">
    <p class='ocr_par' dir='ltr' id='par_1_2' title="bbox 394 561 1561 650">
     <span class='ocr_line' id='line_1_2' title="bbox 394 561 1561 650; baseline -0.006 -20"><span class='ocrx_word' id='word_1_4' title='bbox 394 588 469 650; x_wconf 93' lang='lat' dir='ltr'><strong>opus</strong></span> <span class='ocrx_word' id='word_1_5' title='bbox 491 568 539 630; x_wconf 89' lang='lat' dir='ltr'><strong>sit.</strong></span> <span class='ocrx_word' id='word_1_6' title='bbox 583 569 660 630; x_wconf 92' lang='lat' dir='ltr'><strong>banc</strong></span> <span class='ocrx_word' id='word_1_7' title='bbox 682 571 700 642; x_wconf 65' lang='grc' dir='ltr'><strong>ξ</strong></span> <span class='ocrx_word' id='word_1_8' title='bbox 722 565 877 629; x_wconf 79' lang='lat' dir='ltr'>Alexandri</span> <span class='ocrx_word' id='word_1_9' title='bbox 899 585 958 628; x_wconf 96' lang='lat' dir='ltr'><strong>non</strong></span> <span class='ocrx_word' id='word_1_10' title='bbox 981 585 1045 628; x_wconf 90' lang='lat' dir='ltr'><strong>esse</strong></span> <span class='ocrx_word' id='word_1_11' title='bbox 1068 585 1102 627; x_wconf 93' lang='lat' dir='ltr'><strong>eo</strong></span> <span class='ocrx_word' id='word_1_12' title='bbox 1124 563 1346 645; x_wconf 91' lang='lat' dir='ltr'><strong>comprobatur,</strong></span> <span class='ocrx_word' id='word_1_13' title='bbox 1373 564 1452 642; x_wconf 91' lang='lat' dir='ltr'>quod</span> <span class='ocrx_word' id='word_1_14' title='bbox 1476 561 1506 623; x_wconf 93' lang='lat' dir='ltr'><strong>in</strong></span> <span class='ocrx_word' id='word_1_15' title='bbox 1529 582 1561 624; x_wconf 91' lang='lat' dir='ltr'><strong>ea</strong></span> 
     </span>
    </p>

    <p class='ocr_par' dir='ltr' id='par_1_3' title="bbox 393 668 1304 752">
     <span class='ocr_line' id='line_1_3' title="bbox 393 668 1304 752; baseline -0.007 -18"><span class='ocrx_word' id='word_1_16' title='bbox 393 691 503 735; x_wconf 91' lang='lat' dir='ltr'><strong>nomen</strong></span> <span class='ocrx_word' id='word_1_17' title='bbox 526 668 729 745; x_wconf 77' lang='grc' dir='ltr'><em>ἀποδείξεως</em></span> <span class='ocrx_word' id='word_1_18' title='bbox 751 690 805 752; x_wconf 93' lang='lat' dir='ltr'><strong>pro</strong></span> <span class='ocrx_word' id='word_1_19' title='bbox 828 670 947 732; x_wconf 93' lang='lat' dir='ltr'><strong>nomine</strong></span> <span class='ocrx_word' id='word_1_20' title='bbox 970 672 1112 743; x_wconf 77' lang='grc' dir='ltr'><strong><em>πίστεως</em></strong></span> <span class='ocrx_word' id='word_1_21' title='bbox 1134 677 1304 749; x_wconf 92' lang='lat' dir='ltr'><strong>usurpatur.</strong></span> 
     </span>
    </p>

    <p class='ocr_par' dir='ltr' id='par_1_4' title="bbox 393 769 1566 1361">
     <span class='ocr_line' id='line_1_4' title="bbox 479 769 1562 856; baseline -0.002 -23"><span class='ocrx_word' id='word_1_22' title='bbox 479 777 516 848; x_wconf 60' lang='lat' dir='ltr'><strong>§t</strong></span> <span class='ocrx_word' id='word_1_23' title='bbox 537 773 713 837; x_wconf 81' lang='grc'>203-206</span> <span class='ocrx_word' id='word_1_24' title='bbox 751 784 907 856; x_wconf 80' lang='lat' dir='ltr'><strong>postquam</strong></span> <span class='ocrx_word' id='word_1_25' title='bbox 947 773 1078 854; x_wconf 74' lang='lat' dir='ltr'>epilogus</span> <span class='ocrx_word' id='word_1_26' title='bbox 1110 792 1127 833; x_wconf 92' lang='lat' dir='ltr'><strong>e</strong></span> <span class='ocrx_word' id='word_1_27' title='bbox 1154 772 1269 834; x_wconf 88' lang='lat' dir='ltr'><strong>duobus</strong></span> <span class='ocrx_word' id='word_1_28' title='bbox 1293 769 1452 848; x_wconf 90' lang='lat' dir='ltr'><strong>membris,</strong></span> <span class='ocrx_word' id='word_1_29' title='bbox 1480 789 1562 831; x_wconf 88' lang='lat' dir='ltr'><strong>reca-</strong></span> 
     </span>
     <span class='ocr_line' id='line_1_5' title="bbox 393 873 1563 958; baseline -0.003 -20"><span class='ocrx_word' id='word_1_30' title='bbox 393 877 565 958; x_wconf 92' lang='lat' dir='ltr'><strong>pitulatione</strong></span> <span class='ocrx_word' id='word_1_31' title='bbox 592 887 622 940; x_wconf 92' lang='lat' dir='ltr'><strong>et</strong></span> <span class='ocrx_word' id='word_1_32' title='bbox 648 878 824 950; x_wconf 75' lang='lat' dir='ltr'><strong>adfectibus,</strong></span> <span class='ocrx_word' id='word_1_33' title='bbox 859 885 995 938; x_wconf 77' lang='lat' dir='ltr'><strong>constare</strong></span> <span class='ocrx_word' id='word_1_34' title='bbox 1023 876 1118 938; x_wconf 90' lang='lat' dir='ltr'><strong>dictus</strong></span> <span class='ocrx_word' id='word_1_35' title='bbox 1147 886 1205 951; x_wconf 91' lang='lat' dir='ltr'><strong>est,</strong></span> <span class='ocrx_word' id='word_1_36' title='bbox 1241 894 1344 937; x_wconf 89' lang='lat' dir='ltr'><strong>causae</strong></span> <span class='ocrx_word' id='word_1_37' title='bbox 1370 873 1491 936; x_wconf 80' lang='lat' dir='ltr'><strong>alterius</strong></span> <span class='ocrx_word' id='word_1_38' title='bbox 1519 875 1563 936; x_wconf 89' lang='lat' dir='ltr'><strong>rel</strong></span> 
     </span>
     <span class='ocr_line' id='line_1_6' title="bbox 394 978 1562 1063; baseline -0.003 -22"><span class='ocrx_word' id='word_1_39' title='bbox 394 981 549 1059; x_wconf 87' lang='lat' dir='ltr'><strong>utriusque</strong></span> <span class='ocrx_word' id='word_1_40' title='bbox 595 982 719 1044; x_wconf 80' lang='lat' dir='ltr'>membri</span> <span class='ocrx_word' id='word_1_41' title='bbox 763 979 1018 1063; x_wconf 85' lang='lat' dir='ltr'><strong>praetermittendi</strong></span> <span class='ocrx_word' id='word_1_42' title='bbox 1063 989 1259 1060; x_wconf 85' lang='lat' dir='ltr'><strong>exponuntur.</strong></span> <span class='ocrx_word' id='word_1_43' title='bbox 1314 978 1386 1039; x_wconf 90' lang='lat' dir='ltr'><strong>baec</strong></span> <span class='ocrx_word' id='word_1_44' title='bbox 1423 979 1562 1057; x_wconf 87' lang='lat' dir='ltr'><strong>particula</strong></span> 
     </span>
     <span class='ocr_line' id='line_1_7' title="bbox 394 1081 1563 1165; baseline -0.002 -22"><span class='ocrx_word' id='word_1_45' title='bbox 394 1083 493 1145; x_wconf 87' lang='lat' dir='ltr'>Neocli</span> <span class='ocrx_word' id='word_1_46' title='bbox 516 1083 693 1164; x_wconf 87' lang='lat' dir='ltr'><strong>adsignanda</strong></span> <span class='ocrx_word' id='word_1_47' title='bbox 717 1095 770 1160; x_wconf 89' lang='lat' dir='ltr'><strong>est,</strong></span> <span class='ocrx_word' id='word_1_48' title='bbox 800 1084 869 1165; x_wconf 91' lang='lat' dir='ltr'><strong>quia</strong></span> <span class='ocrx_word' id='word_1_49' title='bbox 892 1103 978 1146; x_wconf 90' lang='lat' dir='ltr'><strong>causa</strong></span> <span class='ocrx_word' id='word_1_50' title='bbox 1001 1082 1133 1145; x_wconf 85' lang='lat' dir='ltr'><strong>adlectus</strong></span> <span class='ocrx_word' id='word_1_51' title='bbox 1157 1081 1409 1163; x_wconf 90' lang='lat' dir='ltr'><strong>praetermittendi</strong></span> <span class='ocrx_word' id='word_1_52' title='bbox 1433 1081 1468 1156; x_wconf 99' lang='grc' dir='ltr'><strong>(Ε</strong></span> <span class='ocrx_word' id='word_1_53' title='bbox 1484 1082 1521 1143; x_wconf 88' lang='grc'><strong>91</strong></span> <span class='ocrx_word' id='word_1_54' title='bbox 1539 1081 1563 1160; x_wconf 76' lang='lat'><strong>1)</strong></span> 
     </span>
     <span class='ocr_line' id='line_1_8' title="bbox 395 1185 1566 1268; baseline 0 -22"><span class='ocrx_word' id='word_1_55' title='bbox 395 1187 472 1247; x_wconf 88' lang='lat' dir='ltr'><strong>baud</strong></span> <span class='ocrx_word' id='word_1_56' title='bbox 507 1186 619 1248; x_wconf 86' lang='lat' dir='ltr'><strong>diversa</strong></span> <span class='ocrx_word' id='word_1_57' title='bbox 653 1197 699 1251; x_wconf 91' lang='lat' dir='ltr'><strong>est</strong></span> <span class='ocrx_word' id='word_1_58' title='bbox 725 1208 741 1249; x_wconf 94' lang='lat' dir='ltr'><strong>a</strong></span> <span class='ocrx_word' id='word_1_59' title='bbox 763 1187 878 1250; x_wconf 88' lang='lat' dir='ltr'><strong>Neoclis</strong></span> <span class='ocrx_word' id='word_1_60' title='bbox 906 1185 1033 1268; x_wconf 89' lang='lat' dir='ltr'><strong>pooemii</strong></span> <span class='ocrx_word' id='word_1_61' title='bbox 1055 1186 1306 1266; x_wconf 87' lang='lat' dir='ltr'><strong>praetermittendi</strong></span> <span class='ocrx_word' id='word_1_62' title='bbox 1328 1204 1414 1247; x_wconf 89' lang='lat' dir='ltr'><strong>causa</strong></span> <span class='ocrx_word' id='word_1_63' title='bbox 1438 1185 1513 1262; x_wconf 68' lang='lat'><strong>§22</strong></span> <span class='ocrx_word' id='word_1_64' title='bbox 1537 1193 1566 1246; x_wconf 94' lang='lat' dir='ltr'><strong>et</strong></span> 
     </span>
     <span class='ocr_line' id='line_1_9' title="bbox 396 1288 1399 1361; baseline -0.001 -11"><span class='ocrx_word' id='word_1_65' title='bbox 396 1291 495 1351; x_wconf 90' lang='lat' dir='ltr'><strong>eadem</strong></span> <span class='ocrx_word' id='word_1_66' title='bbox 520 1291 614 1352; x_wconf 91' lang='lat' dir='ltr'><strong>oratio</strong></span> <span class='ocrx_word' id='word_1_67' title='bbox 637 1310 653 1353; x_wconf 92' lang='lat' dir='ltr'><strong>a</strong></span> <span class='ocrx_word' id='word_1_68' title='bbox 675 1290 782 1353; x_wconf 90' lang='lat' dir='ltr'><strong>Neocle</strong></span> <span class='ocrx_word' id='word_1_69' title='bbox 804 1292 890 1360; x_wconf 72' lang='lat' dir='ltr'><strong>Eo,</strong></span> <span class='ocrx_word' id='word_1_70' title='bbox 911 1291 1028 1352; x_wconf 89' lang='lat' dir='ltr'><strong>laudata</strong></span> <span class='ocrx_word' id='word_1_71' title='bbox 1050 1291 1137 1352; x_wconf 85' lang='lat' dir='ltr'><strong>etiarn</strong></span> <span class='ocrx_word' id='word_1_72' title='bbox 1154 1290 1177 1351; x_wconf 85' lang='lat' dir='ltr'>E</span> <span class='ocrx_word' id='word_1_73' title='bbox 1193 1291 1262 1361; x_wconf 67' lang='lat'><strong>41,</strong></span> <span class='ocrx_word' id='word_1_74' title='bbox 1283 1288 1399 1351; x_wconf 89' lang='lat' dir='ltr'><strong>citatur.</strong></span> 
     </span>
    </p>

    <p class='ocr_par' dir='ltr' id='par_1_5' title="bbox 396 1390 1566 1785">
     <span class='ocr_line' id='line_1_10' title="bbox 480 1390 1566 1475; baseline -0.002 -21"><span class='ocrx_word' id='word_1_75' title='bbox 480 1397 516 1468; x_wconf 60' lang='grc' dir='ltr'><strong>ἐξ</strong></span> <span class='ocrx_word' id='word_1_76' title='bbox 532 1393 700 1457; x_wconf 84' lang='grc'>207-209</span> <span class='ocrx_word' id='word_1_77' title='bbox 723 1395 792 1474; x_wconf 86' lang='lat' dir='ltr'>quid</span> <span class='ocrx_word' id='word_1_78' title='bbox 817 1395 925 1475; x_wconf 85' lang='lat' dir='ltr'>singuli</span> <span class='ocrx_word' id='word_1_79' title='bbox 947 1395 1079 1456; x_wconf 82' lang='lat' dir='ltr'><strong>rhetores</strong></span> <span class='ocrx_word' id='word_1_80' title='bbox 1102 1391 1198 1474; x_wconf 81' lang='grc' dir='ltr'><em>ἔργον</em></span> <span class='ocrx_word' id='word_1_81' title='bbox 1220 1392 1325 1473; x_wconf 82' lang='lat' dir='ltr'>epilogi</span> <span class='ocrx_word' id='word_1_82' title='bbox 1340 1410 1404 1454; x_wconf 90' lang='lat' dir='ltr'><strong>esse</strong></span> <span class='ocrx_word' id='word_1_83' title='bbox 1420 1390 1566 1453; x_wconf 90' lang='lat' dir='ltr'><strong>voluerint</strong></span> 
     </span>
     <span class='ocr_line' id='line_1_11' title="bbox 396 1495 1564 1581; baseline -0.002 -23"><span class='ocrx_word' id='word_1_84' title='bbox 396 1499 531 1558; x_wconf 85' lang='lat' dir='ltr'><strong>retertur.</strong></span> <span class='ocrx_word' id='word_1_85' title='bbox 576 1496 626 1557; x_wconf 93' lang='lat' dir='ltr'><strong>ubi</strong></span> <span class='ocrx_word' id='word_1_86' title='bbox 656 1498 786 1560; x_wconf 83' lang='lat' dir='ltr'><strong>delinitio</strong></span> <span class='ocrx_word' id='word_1_87' title='bbox 820 1496 916 1581; x_wconf 77' lang='grc' dir='ltr'><em>ἔργον</em></span> <span class='ocrx_word' id='word_1_88' title='bbox 950 1497 1056 1578; x_wconf 81' lang='lat' dir='ltr'>epilogi</span> <span class='ocrx_word' id='word_1_89' title='bbox 1092 1496 1129 1558; x_wconf 92' lang='lat' dir='ltr'><strong>ab</strong></span> <span class='ocrx_word' id='word_1_90' title='bbox 1154 1496 1346 1577; x_wconf 89' lang='lat' dir='ltr'><strong>epitomatore</strong></span> <span class='ocrx_word' id='word_1_91' title='bbox 1374 1495 1483 1558; x_wconf 89' lang='lat' dir='ltr'><strong>omissa</strong></span> <span class='ocrx_word' id='word_1_92' title='bbox 1510 1503 1564 1569; x_wconf 81' lang='lat' dir='ltr'><strong>est,</strong></span> 
     </span>
     <span class='ocr_line' id='line_1_12' title="bbox 397 1599 1565 1682; baseline 0 -22"><span class='ocrx_word' id='word_1_93' title='bbox 397 1619 484 1680; x_wconf 89' lang='lat' dir='ltr'><strong>quam</strong></span> <span class='ocrx_word' id='word_1_94' title='bbox 501 1599 637 1662; x_wconf 89' lang='lat' dir='ltr'><strong>Nicolaus</strong></span> <span class='ocrx_word' id='word_1_95' title='bbox 652 1611 768 1682; x_wconf 88' lang='lat' dir='ltr'><strong>praeter</strong></span> <span class='ocrx_word' id='word_1_96' title='bbox 782 1603 912 1665; x_wconf 88' lang='lat' dir='ltr'><strong>Platonis</strong></span> <span class='ocrx_word' id='word_1_97' title='bbox 928 1601 1129 1663; x_wconf 88' lang='lat' dir='ltr'><strong>definitionem</strong></span> <span class='ocrx_word' id='word_1_98' title='bbox 1146 1599 1318 1680; x_wconf 83' lang='lat' dir='ltr'><strong>(Sp111451</strong></span> <span class='ocrx_word' id='word_1_99' title='bbox 1335 1627 1402 1668; x_wconf 68' lang='lat'><strong>3=</strong></span> <span class='ocrx_word' id='word_1_100' title='bbox 1413 1600 1448 1660; x_wconf 91' lang='lat' dir='ltr'>W</span> <span class='ocrx_word' id='word_1_101' title='bbox 1459 1600 1484 1660; x_wconf 97' lang='lat' dir='ltr'><strong>ll</strong></span> <span class='ocrx_word' id='word_1_102' title='bbox 1496 1600 1514 1660; x_wconf 83' lang='lat'><strong>7</strong></span> <span class='ocrx_word' id='word_1_103' title='bbox 1527 1603 1565 1674; x_wconf 64' lang='grc' dir='ltr'><strong>ιι)</strong></span> 
     </span>
     <span class='ocr_line' id='line_1_13' title="bbox 397 1703 1334 1785; baseline 0 -21"><span class='ocrx_word' id='word_1_104' title='bbox 397 1723 411 1765; x_wconf 91' lang='lat' dir='ltr'><strong>a</strong></span> <span class='ocrx_word' id='word_1_105' title='bbox 436 1703 558 1765; x_wconf 88' lang='lat' dir='ltr'><strong>Cornuti</strong></span> <span class='ocrx_word' id='word_1_106' title='bbox 578 1703 648 1765; x_wconf 75' lang='lat' dir='ltr'><strong>Arte</strong></span> <span class='ocrx_word' id='word_1_107' title='bbox 671 1704 806 1785; x_wconf 91' lang='lat' dir='ltr'><strong>repetivit</strong></span> <span class='ocrx_word' id='word_1_108' title='bbox 827 1713 856 1766; x_wconf 92' lang='lat' dir='ltr'><strong>et</strong></span> <span class='ocrx_word' id='word_1_109' title='bbox 878 1706 945 1767; x_wconf 91' lang='lat' dir='ltr'><strong>inde</strong></span> <span class='ocrx_word' id='word_1_110' title='bbox 968 1704 1130 1784; x_wconf 86' lang='lat' dir='ltr'><strong>Doxopater</strong></span> <span class='ocrx_word' id='word_1_111' title='bbox 1152 1703 1334 1784; x_wconf 81' lang='lat' dir='ltr'><strong>exscripsit¹.</strong></span> 
     </span>
    </p>

    <p class='ocr_par' dir='ltr' id='par_1_6' title="bbox 397 1802 1571 2197">
     <span class='ocr_line' id='line_1_14' title="bbox 397 1802 1568 1890; baseline 0 -23"><span class='ocrx_word' id='word_1_112' title='bbox 397 1806 434 1867; x_wconf 87' lang='lat' dir='ltr'>W</span> <span class='ocrx_word' id='word_1_113' title='bbox 448 1806 475 1866; x_wconf 98' lang='lat' dir='ltr'><strong>ll</strong></span> <span class='ocrx_word' id='word_1_114' title='bbox 493 1806 553 1866; x_wconf 88' lang='grc'><strong>124</strong></span> <span class='ocrx_word' id='word_1_115' title='bbox 568 1839 594 1876; x_wconf 72' lang='lat'><strong>31</strong></span> <span class='ocrx_word' id='word_1_116' title='bbox 622 1804 717 1889; x_wconf 82' lang='grc' dir='ltr'><em>ἔργον</em></span> <span class='ocrx_word' id='word_1_117' title='bbox 743 1805 781 1870; x_wconf 80' lang='grc' dir='ltr'><strong>δὲ</strong></span> <span class='ocrx_word' id='word_1_118' title='bbox 805 1806 866 1870; x_wconf 83' lang='grc' dir='ltr'><strong>τοῦ</strong></span> <span class='ocrx_word' id='word_1_119' title='bbox 891 1804 1051 1886; x_wconf 75' lang='grc' dir='ltr'><strong><em>ἐπιλόγου</em></strong></span> <span class='ocrx_word' id='word_1_120' title='bbox 1073 1804 1159 1890; x_wconf 79' lang='grc' dir='ltr'><strong><em>φασὶ</em></strong></span> <span class='ocrx_word' id='word_1_121' title='bbox 1181 1805 1237 1868; x_wconf 84' lang='grc' dir='ltr'><strong>καὶ</strong></span> <span class='ocrx_word' id='word_1_122' title='bbox 1260 1804 1351 1879; x_wconf 77' lang='grc' dir='ltr'><strong><em>τέλος</em></strong></span> <span class='ocrx_word' id='word_1_123' title='bbox 1372 1803 1409 1868; x_wconf 76' lang='grc' dir='ltr'><strong>τὸ</strong></span> <span class='ocrx_word' id='word_1_124' title='bbox 1432 1802 1490 1868; x_wconf 75' lang='grc' dir='ltr'><strong>ἐπὶ</strong></span> <span class='ocrx_word' id='word_1_125' title='bbox 1512 1806 1568 1887; x_wconf 89' lang='grc' dir='ltr'><strong>τῆς</strong></span> 
     </span>
     <span class='ocr_line' id='line_1_15' title="bbox 439 1904 1566 1992; baseline -0.001 -22"><span class='ocrx_word' id='word_1_126' title='bbox 439 1906 588 1992; x_wconf 77' lang='grc' dir='ltr'><strong><em>τελευτῆς</em></strong></span> <span class='ocrx_word' id='word_1_127' title='bbox 635 1914 822 1975; x_wconf 71' lang='grc' dir='ltr'><strong><em>παθαίνειν</em></strong></span> <span class='ocrx_word' id='word_1_128' title='bbox 862 1909 938 1985; x_wconf 75' lang='grc' dir='ltr'><strong><em>τοὺς</em></strong></span> <span class='ocrx_word' id='word_1_129' title='bbox 976 1906 1137 1992; x_wconf 81' lang='grc' dir='ltr'><strong><em>ἀκροατὰς</em></strong></span> <span class='ocrx_word' id='word_1_130' title='bbox 1174 1908 1230 1970; x_wconf 78' lang='grc' dir='ltr'><strong>καὶ</strong></span> <span class='ocrx_word' id='word_1_131' title='bbox 1266 1907 1304 1972; x_wconf 87' lang='grc' dir='ltr'><strong>τὸ</strong></span> <span class='ocrx_word' id='word_1_132' title='bbox 1343 1904 1566 1992; x_wconf 78' lang='grc' dir='ltr'><strong><em>ἀνακεφαλαι-</em></strong></span> 
     </span>
     <span class='ocr_line' id='line_1_16' title="bbox 440 2007 1569 2098; baseline -0.001 -24"><span class='ocrx_word' id='word_1_133' title='bbox 440 2012 566 2082; x_wconf 73' lang='grc' dir='ltr'><strong><em>οὗσθαι</em></strong></span> <span class='ocrx_word' id='word_1_134' title='bbox 594 2012 650 2074; x_wconf 85' lang='grc' dir='ltr'><strong>καὶ</strong></span> <span class='ocrx_word' id='word_1_135' title='bbox 672 2009 938 2098; x_wconf 79' lang='grc' dir='ltr'><em>ὑπομιμνήσκειν</em></span> <span class='ocrx_word' id='word_1_136' title='bbox 970 2009 1089 2086; x_wconf 81' lang='grc' dir='ltr'><strong><em>αὐτοὺς</em></strong></span> <span class='ocrx_word' id='word_1_137' title='bbox 1119 2009 1187 2075; x_wconf 78' lang='grc' dir='ltr'><strong>τῶν</strong></span> <span class='ocrx_word' id='word_1_138' title='bbox 1220 2010 1255 2076; x_wconf 74' lang='grc' dir='ltr'><strong>ἐν</strong></span> <span class='ocrx_word' id='word_1_139' title='bbox 1287 2021 1357 2086; x_wconf 80' lang='grc' dir='ltr'><strong><em>τοϊς</em></strong></span> <span class='ocrx_word' id='word_1_140' title='bbox 1389 2007 1495 2091; x_wconf 79' lang='grc' dir='ltr'><strong><em>ἀγῶσι</em></strong></span> <span class='ocrx_word' id='word_1_141' title='bbox 1528 2010 1569 2073; x_wconf 86' lang='grc' dir='ltr'><strong>τὰ</strong></span> 
     </span>
     <span class='ocr_line' id='line_1_17' title="bbox 443 2111 1571 2197; baseline 0.005 -21"><span class='ocrx_word' id='word_1_142' title='bbox 443 2111 654 2197; x_wconf 78' lang='grc' dir='ltr'><strong><em>καιριώτατα.</em></strong></span> <span class='ocrx_word' id='word_1_143' title='bbox 896 2117 899 2124; x_wconf 80' lang='grc'><strong><em>’</em></strong></span> <span class='ocrx_word' id='word_1_144' title='bbox 1568 2124 1571 2138; x_wconf 87' lang='lat'>&#39;</span> 
     </span>
    </p>

    <p class='ocr_par' dir='ltr' id='par_1_7' title="bbox 399 2218 1567 2282">
     <span class='ocr_line' id='line_1_18' title="bbox 399 2218 1567 2282; baseline 0.001 -3"><span class='ocrx_word' id='word_1_145' title='bbox 399 2219 470 2280; x_wconf 93' lang='lat' dir='ltr'><strong>baec</strong></span> <span class='ocrx_word' id='word_1_146' title='bbox 502 2218 634 2280; x_wconf 88' lang='lat' dir='ltr'><strong>delinitio</strong></span> <span class='ocrx_word' id='word_1_147' title='bbox 668 2219 698 2280; x_wconf 93' lang='lat' dir='ltr'><strong>in</strong></span> <span class='ocrx_word' id='word_1_148' title='bbox 731 2220 852 2282; x_wconf 87' lang='lat' dir='ltr'><strong>Cornuti</strong></span> <span class='ocrx_word' id='word_1_149' title='bbox 887 2221 955 2281; x_wconf 77' lang='lat' dir='ltr'><strong>Arte</strong></span> <span class='ocrx_word' id='word_1_150' title='bbox 989 2220 1075 2281; x_wconf 85' lang='lat' dir='ltr'><strong>rerba</strong></span> <span class='ocrx_word' id='word_1_151' title='bbox 1108 2239 1143 2280; x_wconf 85' lang='lat' dir='ltr'><strong>ex</strong></span> <span class='ocrx_word' id='word_1_152' title='bbox 1177 2219 1341 2281; x_wconf 76' lang='lat' dir='ltr'><strong>Aristotelis</strong></span> <span class='ocrx_word' id='word_1_153' title='bbox 1374 2221 1444 2281; x_wconf 84' lang='lat' dir='ltr'><strong>Arte</strong></span> <span class='ocrx_word' id='word_1_154' title='bbox 1471 2220 1567 2280; x_wconf 88' lang='lat' dir='ltr'><strong>Theo-</strong></span> 
     </span>
    </p>

    <p class='ocr_par' dir='ltr' id='par_1_8' title="bbox 399 2322 1566 2403">
     <span class='ocr_line' id='line_1_19' title="bbox 399 2322 1566 2403; baseline 0 -20"><span class='ocrx_word' id='word_1_155' title='bbox 399 2322 508 2384; x_wconf 88' lang='lat' dir='ltr'><strong>dectica</strong></span> <span class='ocrx_word' id='word_1_156' title='bbox 532 2322 677 2403; x_wconf 82' lang='lat' dir='ltr'><strong>exscripta</strong></span> <span class='ocrx_word' id='word_1_157' title='bbox 701 2323 736 2398; x_wconf 96' lang='grc' dir='ltr'><strong>(Ε</strong></span> <span class='ocrx_word' id='word_1_158' title='bbox 751 2328 769 2399; x_wconf 61' lang='grc' dir='ltr'><strong>ξ</strong></span> <span class='ocrx_word' id='word_1_159' title='bbox 785 2322 860 2402; x_wconf 85' lang='grc'>208)</span> <span class='ocrx_word' id='word_1_160' title='bbox 884 2332 983 2384; x_wconf 89' lang='lat' dir='ltr'><strong>secuta</strong></span> <span class='ocrx_word' id='word_1_161' title='bbox 1006 2342 1071 2386; x_wconf 91' lang='lat' dir='ltr'><strong>esse</strong></span> <span class='ocrx_word' id='word_1_162' title='bbox 1092 2323 1217 2385; x_wconf 87' lang='lat' dir='ltr'><strong>videtur.</strong></span> <span class='ocrx_word' id='word_1_163' title='bbox 1251 2323 1337 2384; x_wconf 89' lang='lat' dir='ltr'><strong>verba</strong></span> <span class='ocrx_word' id='word_1_164' title='bbox 1354 2324 1433 2385; x_wconf 91' lang='lat' dir='ltr'><strong>enim</strong></span> <span class='ocrx_word' id='word_1_165' title='bbox 1450 2323 1472 2384; x_wconf 92' lang='grc' dir='ltr'>Ε</span> <span class='ocrx_word' id='word_1_166' title='bbox 1488 2325 1566 2392; x_wconf 71' lang='lat'><strong>412,</strong></span> 
     </span>
    </p>

    <p class='ocr_par' dir='ltr' id='par_1_9' title="bbox 400 2419 1567 2510">
     <span class='ocr_line' id='line_1_20' title="bbox 400 2419 1567 2510; baseline 0 -23"><span class='ocrx_word' id='word_1_167' title='bbox 400 2421 474 2487; x_wconf 82' lang='grc' dir='ltr'><strong><em>οὔτε</em></strong></span> <span class='ocrx_word' id='word_1_168' title='bbox 500 2423 538 2487; x_wconf 82' lang='grc' dir='ltr'><strong>δὲ</strong></span> <span class='ocrx_word' id='word_1_169' title='bbox 566 2419 608 2486; x_wconf 79' lang='grc' dir='ltr'><strong>τοὶ</strong></span> <span class='ocrx_word' id='word_1_170' title='bbox 636 2421 878 2510; x_wconf 79' lang='grc' dir='ltr'><strong>εὐμνημόνευτα</strong></span> <span class='ocrx_word' id='word_1_171' title='bbox 904 2419 981 2488; x_wconf 70' lang='grc' dir='ltr'><strong><em>οὔτε</em></strong></span> <span class='ocrx_word' id='word_1_172' title='bbox 1002 2425 1043 2488; x_wconf 88' lang='grc' dir='ltr'><strong>τὰ</strong></span> <span class='ocrx_word' id='word_1_173' title='bbox 1065 2422 1187 2508; x_wconf 77' lang='grc' dir='ltr'><strong><em>ἀπαθῆ</em></strong></span> <span class='ocrx_word' id='word_1_174' title='bbox 1209 2428 1377 2509; x_wconf 81' lang='grc' dir='ltr'><strong>κινητέον,</strong></span> <span class='ocrx_word' id='word_1_175' title='bbox 1412 2447 1486 2508; x_wconf 89' lang='lat' dir='ltr'><strong>quae</strong></span> <span class='ocrx_word' id='word_1_176' title='bbox 1508 2445 1567 2489; x_wconf 92' lang='lat' dir='ltr'><strong>non</strong></span> 
     </span>
    </p>

    <p class='ocr_par' dir='ltr' id='par_1_10' title="bbox 399 2528 1567 2817">
     <span class='ocr_line' id='line_1_21' title="bbox 399 2528 1567 2610; baseline 0.002 -21"><span class='ocrx_word' id='word_1_177' title='bbox 399 2528 457 2589; x_wconf 92' lang='lat' dir='ltr'><strong>iam</strong></span> <span class='ocrx_word' id='word_1_178' title='bbox 492 2537 603 2608; x_wconf 92' lang='lat' dir='ltr'><strong>partem</strong></span> <span class='ocrx_word' id='word_1_179' title='bbox 638 2529 786 2609; x_wconf 89' lang='lat' dir='ltr'><strong>praecepti</strong></span> <span class='ocrx_word' id='word_1_180' title='bbox 808 2529 986 2591; x_wconf 76' lang='lat' dir='ltr'><strong>Aristotelioi</strong></span> <span class='ocrx_word' id='word_1_181' title='bbox 1019 2549 1082 2591; x_wconf 92' lang='lat' dir='ltr'><strong>esse</strong></span> <span class='ocrx_word' id='word_1_182' title='bbox 1114 2550 1147 2592; x_wconf 91' lang='lat' dir='ltr'><strong>eo</strong></span> <span class='ocrx_word' id='word_1_183' title='bbox 1181 2530 1315 2610; x_wconf 82' lang='lat' dir='ltr'><strong>adparet,</strong></span> <span class='ocrx_word' id='word_1_184' title='bbox 1332 2535 1333 2538; x_wconf 75' lang='grc'>’</span> <span class='ocrx_word' id='word_1_185' title='bbox 1349 2530 1426 2609; x_wconf 89' lang='lat' dir='ltr'>quod</span> <span class='ocrx_word' id='word_1_186' title='bbox 1453 2531 1484 2592; x_wconf 93' lang='lat' dir='ltr'><strong>in</strong></span> <span class='ocrx_word' id='word_1_187' title='bbox 1511 2531 1567 2591; x_wconf 89' lang='lat' dir='ltr'><strong>boc</strong></span> 
     </span>
     <span class='ocr_line' id='line_1_22' title="bbox 401 2628 1566 2715; baseline -0.001 -22"><span class='ocrx_word' id='word_1_188' title='bbox 401 2631 456 2693; x_wconf 90' lang='lat' dir='ltr'><strong>tria</strong></span> <span class='ocrx_word' id='word_1_189' title='bbox 472 2628 552 2715; x_wconf 78' lang='grc' dir='ltr'><strong><em>ἔργα</em></strong></span> <span class='ocrx_word' id='word_1_190' title='bbox 566 2629 726 2710; x_wconf 80' lang='grc' dir='ltr'><strong>ἐπιλόγον</strong></span> <span class='ocrx_word' id='word_1_191' title='bbox 749 2651 813 2694; x_wconf 91' lang='lat' dir='ltr'><strong>esse</strong></span> <span class='ocrx_word' id='word_1_192' title='bbox 836 2634 967 2706; x_wconf 90' lang='lat' dir='ltr'><strong>docetur,</strong></span> <span class='ocrx_word' id='word_1_193' title='bbox 990 2642 1069 2694; x_wconf 89' lang='lat' dir='ltr'><strong>certe</strong></span> <span class='ocrx_word' id='word_1_194' title='bbox 1084 2653 1119 2697; x_wconf 93' lang='lat' dir='ltr'><strong>eo</strong></span> <span class='ocrx_word' id='word_1_195' title='bbox 1134 2632 1256 2696; x_wconf 91' lang='lat' dir='ltr'><strong>consilio</strong></span> <span class='ocrx_word' id='word_1_196' title='bbox 1272 2632 1435 2694; x_wconf 87' lang='lat' dir='ltr'><strong>secundum</strong></span> <span class='ocrx_word' id='word_1_197' title='bbox 1452 2633 1566 2694; x_wconf 90' lang='lat' dir='ltr'><strong>Neoclis</strong></span> 
     </span>
     <span class='ocr_line' id='line_1_23' title="bbox 401 2734 1564 2817; baseline 0.001 -22"><span class='ocrx_word' id='word_1_198' title='bbox 401 2734 488 2795; x_wconf 89' lang='lat' dir='ltr'><strong>verba</strong></span> <span class='ocrx_word' id='word_1_199' title='bbox 522 2735 558 2813; x_wconf 88' lang='grc' dir='ltr'><strong>(Ε</strong></span> <span class='ocrx_word' id='word_1_200' title='bbox 578 2739 615 2810; x_wconf 63' lang='grc' dir='ltr'><strong>ξς</strong></span> <span class='ocrx_word' id='word_1_201' title='bbox 631 2735 703 2808; x_wconf 87' lang='grc'>204,</span> <span class='ocrx_word' id='word_1_202' title='bbox 727 2735 800 2815; x_wconf 86' lang='grc'>205)</span> <span class='ocrx_word' id='word_1_203' title='bbox 833 2737 941 2817; x_wconf 87' lang='lat' dir='ltr'><strong>scripta</strong></span> <span class='ocrx_word' id='word_1_204' title='bbox 975 2746 1053 2810; x_wconf 90' lang='lat' dir='ltr'><strong>sunt,</strong></span> <span class='ocrx_word' id='word_1_205' title='bbox 1088 2747 1122 2799; x_wconf 91' lang='lat' dir='ltr'><strong>ut</strong></span> <span class='ocrx_word' id='word_1_206' title='bbox 1154 2744 1222 2816; x_wconf 87' lang='lat' dir='ltr'><strong>post</strong></span> <span class='ocrx_word' id='word_1_207' title='bbox 1253 2735 1331 2797; x_wconf 90' lang='lat' dir='ltr'><strong>illam</strong></span> <span class='ocrx_word' id='word_1_208' title='bbox 1366 2736 1564 2798; x_wconf 87' lang='lat' dir='ltr'><strong>definitionem</strong></span> 
     </span>
    </p>

    <p class='ocr_par' dir='ltr' id='par_1_11' title="bbox 402 2835 1566 2920">
     <span class='ocr_line' id='line_1_24' title="bbox 402 2835 1566 2920; baseline 0.002 -23"><span class='ocrx_word' id='word_1_209' title='bbox 402 2835 727 2918; x_wconf 70' lang='lat' dir='ltr'><strong>(Apollodoreorumil,</strong></span> <span class='ocrx_word' id='word_1_210' title='bbox 754 2858 829 2917; x_wconf 89' lang='lat' dir='ltr'><strong>quae</strong></span> <span class='ocrx_word' id='word_1_211' title='bbox 856 2840 973 2901; x_wconf 88' lang='lat' dir='ltr'><strong>easdem</strong></span> <span class='ocrx_word' id='word_1_212' title='bbox 997 2841 1069 2902; x_wconf 88' lang='lat' dir='ltr'><strong>duas</strong></span> <span class='ocrx_word' id='word_1_213' title='bbox 1092 2839 1196 2920; x_wconf 88' lang='lat' dir='ltr'>epilogi</span> <span class='ocrx_word' id='word_1_214' title='bbox 1219 2848 1316 2920; x_wconf 90' lang='lat' dir='ltr'><strong>partes</strong></span> <span class='ocrx_word' id='word_1_215' title='bbox 1337 2850 1424 2918; x_wconf 89' lang='lat' dir='ltr'><strong>atque</strong></span> <span class='ocrx_word' id='word_1_216' title='bbox 1446 2839 1566 2901; x_wconf 85' lang='lat' dir='ltr'>Neocles</span> 
     </span>
    </p>

    <p class='ocr_par' dir='ltr' id='par_1_12' title="bbox 402 2940 1353 3025">
     <span class='ocr_line' id='line_1_25' title="bbox 402 2940 1353 3025; baseline 0.001 -24"><span class='ocrx_word' id='word_1_217' title='bbox 402 2940 568 3020; x_wconf 87' lang='lat' dir='ltr'><strong>distinguit,</strong></span> <span class='ocrx_word' id='word_1_218' title='bbox 592 2960 652 3003; x_wconf 94' lang='lat' dir='ltr'><strong>non</strong></span> <span class='ocrx_word' id='word_1_219' title='bbox 676 2961 793 3023; x_wconf 88' lang='lat' dir='ltr'><strong>semper</strong></span> <span class='ocrx_word' id='word_1_220' title='bbox 815 2952 940 3023; x_wconf 90' lang='lat' dir='ltr'><strong>utraque</strong></span> <span class='ocrx_word' id='word_1_221' title='bbox 963 2963 1038 3025; x_wconf 94' lang='lat' dir='ltr'><strong>opus</strong></span> <span class='ocrx_word' id='word_1_222' title='bbox 1060 2963 1124 3006; x_wconf 86' lang='lat' dir='ltr'><strong>esse</strong></span> <span class='ocrx_word' id='word_1_223' title='bbox 1146 2942 1353 3005; x_wconf 84' lang='lat' dir='ltr'><strong>inculcaretur.</strong></span> 
     </span>
    </p>

    <p class='ocr_par' dir='ltr' id='par_1_13' title="bbox 401 3044 1570 4164">
     <span class='ocr_line' id='line_1_26' title="bbox 487 3044 1565 3128; baseline 0 -23"><span class='ocrx_word' id='word_1_224' title='bbox 487 3044 638 3124; x_wconf 91' lang='lat' dir='ltr'><strong>Epitomes</strong></span> <span class='ocrx_word' id='word_1_225' title='bbox 669 3054 767 3126; x_wconf 88' lang='lat' dir='ltr'><strong>partes</strong></span> <span class='ocrx_word' id='word_1_226' title='bbox 795 3047 855 3108; x_wconf 92' lang='lat' dir='ltr'><strong>buc</strong></span> <span class='ocrx_word' id='word_1_227' title='bbox 881 3066 974 3127; x_wconf 91' lang='lat' dir='ltr'><strong>usque</strong></span> <span class='ocrx_word' id='word_1_228' title='bbox 1002 3047 1195 3128; x_wconf 88' lang='lat' dir='ltr'><strong>perlustratae</strong></span> <span class='ocrx_word' id='word_1_229' title='bbox 1222 3046 1392 3108; x_wconf 84' lang='lat' dir='ltr'><strong>universum</strong></span> <span class='ocrx_word' id='word_1_230' title='bbox 1420 3045 1565 3125; x_wconf 89' lang='lat' dir='ltr'>epilogum</span> 
     </span>
     <span class='ocr_line' id='line_1_27' title="bbox 403 3147 1568 3231; baseline -0.001 -22"><span class='ocrx_word' id='word_1_231' title='bbox 403 3157 547 3229; x_wconf 90' lang='lat' dir='ltr'><strong>spectant,</strong></span> <span class='ocrx_word' id='word_1_232' title='bbox 569 3147 600 3208; x_wconf 93' lang='lat' dir='ltr'><strong>in</strong></span> <span class='ocrx_word' id='word_1_233' title='bbox 622 3149 810 3210; x_wconf 82' lang='lat' dir='ltr'><strong>interioribus</strong></span> <span class='ocrx_word' id='word_1_234' title='bbox 826 3151 1026 3231; x_wconf 89' lang='lat' dir='ltr'><strong>recapitulatio</strong></span> <span class='ocrx_word' id='word_1_235' title='bbox 1041 3159 1071 3212; x_wconf 88' lang='lat' dir='ltr'><strong>et</strong></span> <span class='ocrx_word' id='word_1_236' title='bbox 1085 3151 1216 3212; x_wconf 86' lang='lat' dir='ltr'><strong>adlectus</strong></span> <span class='ocrx_word' id='word_1_237' title='bbox 1232 3149 1387 3230; x_wconf 91' lang='lat' dir='ltr'><strong>separatim</strong></span> <span class='ocrx_word' id='word_1_238' title='bbox 1405 3157 1568 3210; x_wconf 85' lang='lat' dir='ltr'><strong>tractantur</strong></span> 
     </span>
     <span class='ocr_line' id='line_1_28' title="bbox 402 3251 1569 3335; baseline -0.001 -22"><span class='ocrx_word' id='word_1_239' title='bbox 402 3271 435 3313; x_wconf 92' lang='lat' dir='ltr'><strong>ac</strong></span> <span class='ocrx_word' id='word_1_240' title='bbox 457 3251 585 3331; x_wconf 92' lang='lat' dir='ltr'><strong>primum</strong></span> <span class='ocrx_word' id='word_1_241' title='bbox 610 3252 728 3330; x_wconf 90' lang='lat' dir='ltr'><strong>quidem</strong></span> <span class='ocrx_word' id='word_1_242' title='bbox 753 3253 961 3335; x_wconf 88' lang='lat' dir='ltr'><strong>recapitulatio.</strong></span> <span class='ocrx_word' id='word_1_243' title='bbox 998 3257 1034 3329; x_wconf 57' lang='grc' dir='ltr'><strong>ἐξ</strong></span> <span class='ocrx_word' id='word_1_244' title='bbox 1050 3252 1217 3315; x_wconf 89' lang='grc'>210-213</span> <span class='ocrx_word' id='word_1_245' title='bbox 1241 3251 1488 3334; x_wconf 91' lang='lat' dir='ltr'><strong>recapitulationis</strong></span> <span class='ocrx_word' id='word_1_246' title='bbox 1511 3251 1569 3312; x_wconf 87' lang='lat' dir='ltr'><strong>line</strong></span> 
     </span>
     <span class='ocr_line' id='line_1_29' title="bbox 401 3354 1568 3437; baseline -0.002 -20"><span class='ocrx_word' id='word_1_247' title='bbox 401 3355 498 3417; x_wconf 92' lang='lat' dir='ltr'><strong>adlato</strong></span> <span class='ocrx_word' id='word_1_248' title='bbox 520 3354 549 3414; x_wconf 96' lang='lat' dir='ltr'><strong>in</strong></span> <span class='ocrx_word' id='word_1_249' title='bbox 573 3356 777 3433; x_wconf 85' lang='lat' dir='ltr'><strong>quaestionem</strong></span> <span class='ocrx_word' id='word_1_250' title='bbox 801 3365 930 3431; x_wconf 88' lang='lat' dir='ltr'><strong>vocatur,</strong></span> <span class='ocrx_word' id='word_1_251' title='bbox 961 3356 1069 3436; x_wconf 91' lang='lat' dir='ltr'><strong>quibus</strong></span> <span class='ocrx_word' id='word_1_252' title='bbox 1091 3356 1161 3418; x_wconf 91' lang='lat' dir='ltr'><strong>locis</strong></span> <span class='ocrx_word' id='word_1_253' title='bbox 1184 3355 1385 3437; x_wconf 89' lang='lat' dir='ltr'><strong>recapitulatio</strong></span> <span class='ocrx_word' id='word_1_254' title='bbox 1408 3355 1568 3417; x_wconf 90' lang='lat' dir='ltr'><strong>adhibenda</strong></span> 
     </span>
     <span class='ocr_line' id='line_1_30' title="bbox 403 3458 1569 3541; baseline 0.001 -22"><span class='ocrx_word' id='word_1_255' title='bbox 403 3458 450 3530; x_wconf 90' lang='lat' dir='ltr'><strong>sit,</strong></span> <span class='ocrx_word' id='word_1_256' title='bbox 473 3476 547 3536; x_wconf 91' lang='lat' dir='ltr'><strong>quae</strong></span> <span class='ocrx_word' id='word_1_257' title='bbox 570 3476 617 3518; x_wconf 90' lang='lat' dir='ltr'><strong>res</strong></span> <span class='ocrx_word' id='word_1_258' title='bbox 637 3459 869 3540; x_wconf 90' lang='lat' dir='ltr'><strong>recapitulandae</strong></span> <span class='ocrx_word' id='word_1_259' title='bbox 885 3461 952 3534; x_wconf 89' lang='lat' dir='ltr'><strong>sint,</strong></span> <span class='ocrx_word' id='word_1_260' title='bbox 976 3459 1027 3521; x_wconf 94' lang='lat' dir='ltr'><strong>ubi</strong></span> <span class='ocrx_word' id='word_1_261' title='bbox 1039 3459 1171 3540; x_wconf 79' lang='lat' dir='ltr'><strong>&#39;capitum</strong></span> <span class='ocrx_word' id='word_1_262' title='bbox 1188 3478 1254 3522; x_wconf 92' lang='lat' dir='ltr'><strong>cum</strong></span> <span class='ocrx_word' id='word_1_263' title='bbox 1271 3460 1332 3522; x_wconf 91' lang='lat' dir='ltr'><strong>suis</strong></span> <span class='ocrx_word' id='word_1_264' title='bbox 1347 3459 1569 3541; x_wconf 89' lang='lat' dir='ltr'><strong>probationibus</strong></span> 
     </span>
     <span class='ocr_line' id='line_1_31' title="bbox 404 3561 1570 3644; baseline -0.003 -19"><span class='ocrx_word' id='word_1_265' title='bbox 404 3562 515 3625; x_wconf 91' lang='lat' dir='ltr'><strong>mentio</strong></span> <span class='ocrx_word' id='word_1_266' title='bbox 538 3562 669 3624; x_wconf 84' lang='lat' dir='ltr'><strong>iacienda</strong></span> <span class='ocrx_word' id='word_1_267' title='bbox 692 3562 740 3624; x_wconf 90' lang='lat' dir='ltr'><strong>sit.</strong></span> <span class='ocrx_word' id='word_1_268' title='bbox 784 3567 820 3638; x_wconf 64' lang='grc' dir='ltr'><strong>ξς</strong></span> <span class='ocrx_word' id='word_1_269' title='bbox 836 3563 1003 3625; x_wconf 85' lang='grc'>214-218</span> <span class='ocrx_word' id='word_1_270' title='bbox 1027 3571 1166 3643; x_wconf 91' lang='lat' dir='ltr'><strong>quattuor</strong></span> <span class='ocrx_word' id='word_1_271' title='bbox 1188 3565 1299 3644; x_wconf 91' lang='lat' dir='ltr'><strong>species</strong></span> <span class='ocrx_word' id='word_1_272' title='bbox 1322 3561 1570 3644; x_wconf 90' lang='lat' dir='ltr'><strong>recapitulationis</strong></span> 
     </span>
     <span class='ocr_line' id='line_1_32' title="bbox 403 3665 1569 3747; baseline -0.001 -20"><span class='ocrx_word' id='word_1_273' title='bbox 403 3673 623 3740; x_wconf 87' lang='lat' dir='ltr'><strong>enumerantur,</strong></span> <span class='ocrx_word' id='word_1_274' title='bbox 647 3684 722 3745; x_wconf 89' lang='lat' dir='ltr'><strong>quae</strong></span> <span class='ocrx_word' id='word_1_275' title='bbox 743 3665 858 3729; x_wconf 89' lang='lat' dir='ltr'><strong>Neoclis</strong></span> <span class='ocrx_word' id='word_1_276' title='bbox 880 3685 992 3728; x_wconf 90' lang='lat' dir='ltr'><strong>nornen</strong></span> <span class='ocrx_word' id='word_1_277' title='bbox 1014 3685 1083 3746; x_wconf 93' lang='lat' dir='ltr'><strong>prae</strong></span> <span class='ocrx_word' id='word_1_278' title='bbox 1106 3685 1138 3728; x_wconf 88' lang='lat' dir='ltr'><strong>sa</strong></span> <span class='ocrx_word' id='word_1_279' title='bbox 1160 3668 1267 3728; x_wconf 88' lang='lat' dir='ltr'><strong>ierunt.</strong></span> <span class='ocrx_word' id='word_1_280' title='bbox 1302 3667 1395 3728; x_wconf 91' lang='lat' dir='ltr'><strong>eidem</strong></span> <span class='ocrx_word' id='word_1_281' title='bbox 1419 3666 1569 3747; x_wconf 92' lang='lat' dir='ltr'><strong>superiora</strong></span> 
     </span>
     <span class='ocr_line' id='line_1_33' title="bbox 404 3769 1568 3851; baseline -0.002 -20"><span class='ocrx_word' id='word_1_282' title='bbox 404 3770 440 3831; x_wconf 89' lang='lat' dir='ltr'><strong>de</strong></span> <span class='ocrx_word' id='word_1_283' title='bbox 468 3769 638 3831; x_wconf 90' lang='lat' dir='ltr'><strong>oeconomia</strong></span> <span class='ocrx_word' id='word_1_284' title='bbox 665 3779 819 3851; x_wconf 90' lang='lat' dir='ltr'><strong>praecepta</strong></span> <span class='ocrx_word' id='word_1_285' title='bbox 847 3769 1019 3832; x_wconf 89' lang='lat' dir='ltr'><strong>vindicanda</strong></span> <span class='ocrx_word' id='word_1_286' title='bbox 1048 3789 1113 3832; x_wconf 86' lang='lat' dir='ltr'><strong>esse</strong></span> <span class='ocrx_word' id='word_1_287' title='bbox 1135 3789 1171 3831; x_wconf 81' lang='lat' dir='ltr'><strong>ex</strong></span> <span class='ocrx_word' id='word_1_288' title='bbox 1193 3770 1239 3831; x_wconf 94' lang='lat' dir='ltr'><strong>bis</strong></span> <span class='ocrx_word' id='word_1_289' title='bbox 1262 3770 1375 3832; x_wconf 91' lang='lat' dir='ltr'><strong>indiciis</strong></span> <span class='ocrx_word' id='word_1_290' title='bbox 1397 3769 1568 3848; x_wconf 89' lang='lat' dir='ltr'><strong>colligimus.</strong></span> 
     </span>
     <span class='ocr_line' id='line_1_34' title="bbox 404 3871 1570 3954; baseline -0.003 -20"><span class='ocrx_word' id='word_1_291' title='bbox 404 3873 472 3934; x_wconf 89' lang='lat' dir='ltr'><strong>finis</strong></span> <span class='ocrx_word' id='word_1_292' title='bbox 496 3872 744 3953; x_wconf 89' lang='lat' dir='ltr'><strong>recapitulationis</strong></span> <span class='ocrx_word' id='word_1_293' title='bbox 767 3873 797 3953; x_wconf 90' lang='lat'><strong>(§</strong></span> <span class='ocrx_word' id='word_1_294' title='bbox 821 3873 896 3954; x_wconf 91' lang='grc'>210)</span> <span class='ocrx_word' id='word_1_295' title='bbox 919 3873 1034 3936; x_wconf 91' lang='lat' dir='ltr'><strong>Neoclis</strong></span> <span class='ocrx_word' id='word_1_296' title='bbox 1057 3873 1108 3935; x_wconf 85' lang='lat' dir='ltr'>lini</span> <span class='ocrx_word' id='word_1_297' title='bbox 1131 3873 1307 3935; x_wconf 88' lang='lat' dir='ltr'><strong>narrationis</strong></span> <span class='ocrx_word' id='word_1_298' title='bbox 1331 3877 1361 3950; x_wconf 60' lang='grc' dir='ltr'><strong>(ᾗ</strong></span> <span class='ocrx_word' id='word_1_299' title='bbox 1378 3874 1432 3951; x_wconf 87' lang='grc'><strong>46)</strong></span> <span class='ocrx_word' id='word_1_300' title='bbox 1455 3871 1570 3934; x_wconf 90' lang='lat' dir='ltr'><strong>similli-</strong></span> 
     </span>
     <span class='ocr_line' id='line_1_35' title="bbox 405 3976 1569 4057; baseline 0 -21"><span class='ocrx_word' id='word_1_301' title='bbox 405 3995 471 4037; x_wconf 93' lang='lat' dir='ltr'><strong>mus</strong></span> <span class='ocrx_word' id='word_1_302' title='bbox 499 3985 557 4050; x_wconf 87' lang='lat' dir='ltr'><strong>est,</strong></span> <span class='ocrx_word' id='word_1_303' title='bbox 591 3995 660 4037; x_wconf 90' lang='lat' dir='ltr'><strong>nam</strong></span> <span class='ocrx_word' id='word_1_304' title='bbox 687 3976 750 4057; x_wconf 86' lang='lat' dir='ltr'><strong>ipse</strong></span> <span class='ocrx_word' id='word_1_305' title='bbox 777 3997 894 4057; x_wconf 93' lang='lat' dir='ltr'><strong>quoque</strong></span> <span class='ocrx_word' id='word_1_306' title='bbox 921 3997 937 4038; x_wconf 93' lang='lat' dir='ltr'><strong>e</strong></span> <span class='ocrx_word' id='word_1_307' title='bbox 965 3977 1080 4039; x_wconf 89' lang='lat' dir='ltr'><strong>duobus</strong></span> <span class='ocrx_word' id='word_1_308' title='bbox 1111 3977 1253 4038; x_wconf 88' lang='lat' dir='ltr'><strong>membris</strong></span> <span class='ocrx_word' id='word_1_309' title='bbox 1281 3985 1410 4050; x_wconf 90' lang='lat' dir='ltr'><strong>constat,</strong></span> <span class='ocrx_word' id='word_1_310' title='bbox 1442 3993 1569 4056; x_wconf 90' lang='lat' dir='ltr'><strong>quorum</strong></span> 
     </span>
     <span class='ocr_line' id='line_1_36' title="bbox 403 4077 1570 4164; baseline 0 -25"><span class='ocrx_word' id='word_1_311' title='bbox 403 4079 525 4141; x_wconf 90' lang='lat' dir='ltr'><strong>inferius</strong></span> <span class='ocrx_word' id='word_1_312' title='bbox 558 4099 574 4141; x_wconf 97' lang='lat' dir='ltr'><strong>a</strong></span> <span class='ocrx_word' id='word_1_313' title='bbox 609 4079 704 4141; x_wconf 85' lang='lat' dir='ltr'><strong>verbis</strong></span> <span class='ocrx_word' id='word_1_314' title='bbox 738 4077 757 4163; x_wconf 88' lang='grc' dir='ltr'><strong><em>ῆ</em></strong></span> <span class='ocrx_word' id='word_1_315' title='bbox 783 4079 822 4164; x_wconf 84' lang='grc' dir='ltr'><strong>νῆ</strong></span> <span class='ocrx_word' id='word_1_316' title='bbox 852 4083 922 4143; x_wconf 82' lang='grc' dir='ltr'><strong>Δία</strong></span> <span class='ocrx_word' id='word_1_317' title='bbox 947 4080 1067 4162; x_wconf 83' lang='lat' dir='ltr'><strong>incipit3</strong></span> <span class='ocrx_word' id='word_1_318' title='bbox 1100 4080 1131 4142; x_wconf 95' lang='lat' dir='ltr'><strong>in</strong></span> <span class='ocrx_word' id='word_1_319' title='bbox 1159 4080 1321 4162; x_wconf 89' lang='lat' dir='ltr'><strong>praeceptis</strong></span> <span class='ocrx_word' id='word_1_320' title='bbox 1349 4078 1421 4161; x_wconf 87' lang='lat' dir='ltr'><strong>ipsis</strong></span> <span class='ocrx_word' id='word_1_321' title='bbox 1450 4080 1570 4141; x_wconf 91' lang='lat' dir='ltr'><strong>nomina</strong></span> 
     </span>
    </p>
   </div>
   <div class='ocr_carea' id='block_1_3' title="bbox 406 4279 1572 4485">
    <p class='ocr_par' dir='ltr' id='par_1_14' title="bbox 406 4279 1572 4485">
     <span class='ocr_line' id='line_1_37' title="bbox 476 4279 1571 4347; baseline -0.003 -15"><span class='ocrx_word' id='word_1_322' title='bbox 476 4279 482 4312; x_wconf 89' lang='lat'><strong>¹</strong></span> <span class='ocrx_word' id='word_1_323' title='bbox 502 4281 561 4332; x_wconf 86' lang='lat' dir='ltr'><strong>Cum</strong></span> <span class='ocrx_word' id='word_1_324' title='bbox 584 4281 610 4330; x_wconf 92' lang='lat' dir='ltr'><strong>in</strong></span> <span class='ocrx_word' id='word_1_325' title='bbox 632 4282 696 4332; x_wconf 85' lang='lat' dir='ltr'><strong>bane</strong></span> <span class='ocrx_word' id='word_1_326' title='bbox 718 4280 887 4332; x_wconf 80' lang='lat' dir='ltr'><strong>definitionem</strong></span> <span class='ocrx_word' id='word_1_327' title='bbox 906 4282 981 4332; x_wconf 85' lang='lat' dir='ltr'><strong>verba</strong></span> <span class='ocrx_word' id='word_1_328' title='bbox 1000 4281 1046 4334; x_wconf 72' lang='grc' dir='ltr'><strong>ἐπὶ</strong></span> <span class='ocrx_word' id='word_1_329' title='bbox 1063 4279 1243 4346; x_wconf 64' lang='lat' dir='ltr'><strong>cicestrensis</strong></span> <span class='ocrx_word' id='word_1_330' title='bbox 1260 4287 1361 4347; x_wconf 86' lang='lat' dir='ltr'><strong>recepta</strong></span> <span class='ocrx_word' id='word_1_331' title='bbox 1381 4281 1441 4347; x_wconf 82' lang='lat' dir='ltr'><strong>sint,</strong></span> <span class='ocrx_word' id='word_1_332' title='bbox 1466 4281 1571 4347; x_wconf 81' lang='lat' dir='ltr'>Apollo·</span> 
     </span>
     <span class='ocr_line' id='line_1_38' title="bbox 406 4347 1572 4416; baseline 0.001 -18"><span class='ocrx_word' id='word_1_333' title='bbox 406 4347 491 4399; x_wconf 80' lang='lat' dir='ltr'><strong>rioreis</strong></span> <span class='ocrx_word' id='word_1_334' title='bbox 510 4363 563 4399; x_wconf 88' lang='lat' dir='ltr'><strong>eam</strong></span> <span class='ocrx_word' id='word_1_335' title='bbox 581 4350 763 4412; x_wconf 77' lang='lat' dir='ltr'><strong>adscribamus,</strong></span> <span class='ocrx_word' id='word_1_336' title='bbox 781 4351 824 4416; x_wconf 88' lang='lat' dir='ltr'><strong>qui</strong></span> <span class='ocrx_word' id='word_1_337' title='bbox 844 4351 967 4416; x_wconf 86' lang='lat' dir='ltr'><strong>epilogum</strong></span> <span class='ocrx_word' id='word_1_338' title='bbox 986 4366 1085 4416; x_wconf 79' lang='lat' dir='ltr'><strong>semper</strong></span> <span class='ocrx_word' id='word_1_339' title='bbox 1102 4351 1127 4400; x_wconf 88' lang='lat' dir='ltr'><strong>in</strong></span> <span class='ocrx_word' id='word_1_340' title='bbox 1146 4357 1260 4400; x_wconf 80' lang='lat' dir='ltr'><strong>extrema</strong></span> <span class='ocrx_word' id='word_1_341' title='bbox 1279 4349 1396 4401; x_wconf 86' lang='lat' dir='ltr'><strong>oratione</strong></span> <span class='ocrx_word' id='word_1_342' title='bbox 1414 4349 1473 4416; x_wconf 92' lang='lat' dir='ltr'>poni</span> <span class='ocrx_word' id='word_1_343' title='bbox 1492 4353 1572 4400; x_wconf 84' lang='lat' dir='ltr'><strong>iusse-</strong></span> 
     </span>
     <span class='ocr_line' id='line_1_39' title="bbox 406 4416 919 4485; baseline 0.004 -17"><span class='ocrx_word' id='word_1_344' title='bbox 406 4425 473 4468; x_wconf 85' lang='lat' dir='ltr'><strong>runt.</strong></span> <span class='ocrx_word' id='word_1_345' title='bbox 509 4416 540 4468; x_wconf 87' lang='lat' dir='ltr'><strong>ci.</strong></span> <span class='ocrx_word' id='word_1_346' title='bbox 561 4419 766 4469; x_wconf 83' lang='lat' dir='ltr'><strong>commentarium</strong></span> <span class='ocrx_word' id='word_1_347' title='bbox 785 4419 817 4468; x_wconf 87' lang='lat' dir='ltr'><strong>ad</strong></span> <span class='ocrx_word' id='word_1_348' title='bbox 833 4419 849 4485; x_wconf 64' lang='grc' dir='ltr'><strong>ξ</strong></span> <span class='ocrx_word' id='word_1_349' title='bbox 864 4420 919 4471; x_wconf 90' lang='grc'><strong>199.</strong></span> 
     </span>
    </p>
   </div>
   <div class='ocr_carea' id='block_1_4' title="bbox 0 0 1818 5262">
    <p class='ocr_par' dir='ltr' id='par_1_15' title="bbox 0 0 1818 5262">
     <span class='ocr_line' id='line_1_40' title="bbox 0 0 1818 5262; baseline 0 0"><span class='ocrx_word' id='word_1_350' title='bbox 0 0 1818 5262; x_wconf 95' lang='lat' dir='ltr'><strong> </strong></span> 
     </span>
    </p>
   </div>
  </div>
 </body>
</html>
