3590 5262
819 408 862 418 -
908 370 1014 436 XXIV
1061 406 1102 416 —

382 553 516 634 Epitoma
539 553 730 632 sequuntur1,
753 553 865 632 profert
887 550 937 612 sed
959 557 1026 611 ante
1041 567 1074 610 ea
1089 549 1235 628 quoddam
1252 546 1328 609 aliud
1345 547 1475 622 collocat,
1498 549 1548 609 scl.

382 664 417 718 ut
438 654 519 717 brevi
539 655 667 717 locuturi
701 674 758 717 una
789 654 915 734 generali
946 653 1065 714 notione
1092 671 1187 731 neque
1214 651 1348 733 pluribus
1375 651 1549 730 specialibus

383 766 517 820 utantur:
537 757 574 817 W
586 758 611 819 ll
627 758 688 820 230
704 790 730 830 25
745 754 765 840 ἢ
780 758 812 836 (l.
828 753 861 839 ἡ)
879 750 956 842 (δὲ)
975 753 1058 818 κατὰ
1073 753 1161 826 λέξιν
1176 756 1242 836 (sol.
1258 758 1419 837 συντομία
1435 751 1549 837 ἔσται),

383 856 462 926 ὅταν
485 882 530 944 τῳ
556 859 708 924 καθόλου
734 857 817 922 ἀλλὰ
843 857 887 942 μή
921 869 991 933 τοῖς
1020 857 1104 921 κατὰ
1128 859 1226 940 μέρος
1251 853 1419 939 χρώμεθα.
1462 861 1499 921 W
1524 863 1550 923 ll

382 964 471 1036 231,
493 961 642 1028 καθόλου
664 965 724 1047 μὲν
744 958 802 1027 οὖν
825 961 916 1025 ἐστιν
938 957 991 1025 ὅτε
1010 962 1056 1046 τῷ
1071 963 1191 1046 νενικρῖ
1211 957 1232 1043 ἢ
1252 961 1298 1045 τῷ
1321 962 1549 1048 nepai-parram}

382 1064 544 1150 χριίμενοι
567 1064 656 1152 μόνῳ
679 1063 816 1149 ὀνόματι
842 1063 924 1150 (μὴ)
948 1064 990 1128 τὰ
1012 1063 1096 1127 κατὰ
1116 1066 1213 1149 μέρος
1230 1060 1247 1147 ἢ
1266 1067 1339 1128 κατ’
1363 1066 1452 1141 εἶδος
1468 1066 1548 1150 λαμ·

383 1166 549 1254 βάνωμεν,
573 1166 616 1244 ὦς
637 1169 674 1233 τὸ
698 1173 749 1247 (Λ
767 1171 841 1247 286)
865 1163 905 1231 <at
924 1169 1031 1252 Τρῶες
1053 1168 1109 1231 καὶ
1127 1165 1251 1232 Λύκιοι
1275 1167 1331 1230 καὶ
1352 1166 1549 1252 Δάρδανοι).

383 1273 486 1337 ταῦτα
506 1273 568 1358 γὰρ
591 1274 662 1336 κατ’
686 1272 774 1347 εἶδος
797 1273 857 1336 οἵτ’
880 1267 939 1336 οὖν
961 1270 1043 1334 κατὰ
1064 1274 1174 1354 μέρος,
1197 1270 1234 1335 τὸ
1255 1270 1292 1334 dd
1314 1269 1445 1358 «ἄνδρες
1468 1272 1550 1356 σύμ-

384 1400 501 1462 μαχοι»
523 1375 788 1460 ἐπιτετμημένον.
825 1378 882 1438 hoc
904 1384 1090 1456 praeceptum
1113 1394 1181 1437 cum
1203 1376 1363 1455 elegantius
1384 1387 1439 1449 est,
1461 1396 1550 1458 quam

385 1492 419 1545 ut
440 1502 456 1544 a
479 1483 643 1554 Geometra‚
665 1480 849 1562 ineptissimo
871 1481 997 1551 rhetore,
1022 1479 1214 1559 excogitatum
1243 1498 1307 1541 esse
1329 1482 1425 1562 putari
1448 1483 1549 1562 possit,

384 1597 449 1648 tum
472 1585 617 1666 insignem
641 1586 756 1647 illorum
774 1584 862 1645 trium
879 1590 1111 1663 praeceptorum,
1134 1603 1207 1662 quae
1229 1567 1258 1644 id
1274 1585 1350 1665 apud
1365 1585 1549 1670 Geometram

385 1690 534 1770 excipiunt
554 1697 585 1750 et
605 1688 636 1749 in
658 1687 792 1768 Epitoma
820 1706 936 1766 quoque
965 1693 1073 1758 extant,
1097 1686 1316 1748 similitudinem
1339 1706 1409 1770 prae
1432 1707 1462 1749 sc
1485 1691 1550 1750 fert.

386 1812 454 1855 nam
478 1802 507 1855 et
529 1794 585 1854 hoe
611 1793 676 1872 ipso
702 1801 815 1853 certum
842 1790 986 1870 quoddam
1015 1807 1106 1867 genus
1134 1790 1340 1852 vocabulorum
1371 1799 1405 1852 ut
1426 1791 1550 1852 brevilo-

385 1897 488 1978 quenti
517 1896 586 1959 utile
613 1894 836 1956 commendatur
862 1905 891 1956 et
919 1893 988 1955 huic
1015 1891 1085 1954 item
1117 1901 1203 1973 atque
1226 1895 1330 1957 ceteris
1353 1893 1448 1956 tribus
1469 1895 1551 1956 locus

386 2000 558 2063 Homericus
581 1999 705 2079 exempli
728 2016 813 2059 causa
835 1996 1011 2076 adiungitur.
1048 1997 1146 2078 itaque
1162 1997 1218 2059 hoc
1232 2005 1419 2078 praeceptum
1436 1999 1466 2060 in
1483 2000 1552 2060 Arte

386 2122 453 2165 cum
473 2103 577 2164 ceteris
600 2103 694 2164 tribus
717 2101 882 2180 colligatum
906 2102 997 2163 fuisse
1013 2119 1186 2182 persuasum
1203 2101 1355 2176 habemus,
1377 2103 1550 2181 praesertim

340 2255 342 2258 .
387 2225 453 2268 cum
477 2206 623 2278 Neoclem,
654 2205 699 2267 cui
729 2205 777 2265 illa
807 2204 862 2265 tria
884 2213 1037 2284 praecepta
1059 2205 1230 2266 vindicanda
1254 2212 1331 2278 sunt,
1354 2212 1494 2284 quattuor
1516 2206 1551 2266 de

386 2309 527 2372 brevitate
549 2329 584 2370 ex
607 2308 769 2369 elocutione
791 2307 942 2368 efficienda
964 2316 1116 2387 praecepta
1137 2308 1249 2369 dedisse
1264 2308 1358 2370 multo
1373 2308 1551 2387 probabilius

387 2415 426 2476 sit
447 2430 534 2491 quam
558 2412 622 2472 tria.
667 2411 792 2472 eundem
815 2410 892 2472 enim
917 2411 952 2472 de
974 2411 1074 2472 multis
1103 2411 1166 2472 aliis
1189 2411 1278 2473 rebus
1305 2421 1446 2492 quaterna
1468 2431 1552 2492 prac-

387 2523 469 2596 cepta
492 2514 639 2576 invenisse
662 2523 691 2576 et
712 2513 959 2595 quadripartiendi
991 2513 1239 2576 studiosissimum
1267 2515 1358 2576 luisse
1383 2515 1458 2576 iufra
1482 2517 1552 2578 satis

388 2618 545 2699 adparebit.

472 2722 631 2800 Postquam
661 2721 717 2782 hoc
742 2723 873 2803 exemplo
895 2724 1079 2785 Geometram
1101 2722 1171 2782 Arte
1200 2739 1284 2783 usum
1308 2740 1372 2783 esse
1393 2721 1552 2784 illustravi-

390 2844 470 2898 mus,
504 2825 701 2904 quaerendum
736 2835 794 2901 est,
832 2825 937 2906 quibus
970 2827 1032 2888 aliis
1066 2823 1136 2886 locis
1175 2825 1328 2886 Geometra
1365 2835 1551 2907 pracceptum

388 2927 477 3001 Artis,
500 2927 578 3006 quod
600 2928 752 3008 Epitomae
774 2930 861 3003 desit,
890 2929 996 3009 quibus
1022 2937 1208 3009 praeceptum
1235 2927 1350 3009 plenius
1372 2948 1459 3008 quarn
1483 2930 1553 3009 Epi-

389 3039 468 3092 tome
491 3030 594 3092 tradat.
639 3033 689 3093 sed
713 3033 768 3094 hoc
790 3031 961 3106 differimus,
984 3033 1054 3093 dum
1077 3031 1165 3105 Artis,
1189 3050 1276 3110 quam
1299 3031 1375 3092 inira
1398 3032 1552 3095 restituere

390 3135 571 3209 conabimur,
592 3153 659 3215 pars
682 3135 718 3196 ad
740 3135 915 3197 narrationis
936 3137 1059 3198 virtutes
1083 3144 1216 3217 spectans
1238 3135 1323 3197 nobis
1346 3143 1496 3198 tractetur.

473 3341 583 3414 Restat,
607 3348 641 3400 ut
663 3340 735 3401 duos
764 3340 881 3402 infimae
908 3340 1008 3402 aetatis
1036 3341 1169 3402 rhetores
1197 3359 1476 3416 commemoremus,
1504 3343 1554 3423 qui

390 3463 497 3526 paucas
520 3442 675 3524 particulas
697 3443 776 3505 Artis
798 3444 937 3506 exhibent
958 3463 1052 3524 neque
1075 3455 1173 3507 tamen
1188 3444 1266 3508 inter
1277 3445 1355 3506 Artis
1371 3454 1555 3526 excerptores

390 3548 536 3610 referendi
564 3556 642 3609 sunt.
691 3545 722 3607 in
750 3547 863 3626 Georgii
890 3547 1012 3609 Gemisti
1038 3547 1189 3610 Plethonis
1217 3550 1357 3629 Syntoma
1383 3547 1554 3610 Rhetorices

391 3652 521 3732 quinque
543 3649 727 3712 definitiones
751 3650 950 3723 inveniuntur,
977 3670 1049 3731 quas
1071 3651 1102 3712 in
1126 3651 1193 3713 hrte
1215 3651 1346 3713 extitisse
1368 3659 1490 3714 constat.

390 3755 428 3816 W
444 3756 480 3817 Vl
496 3754 557 3816 580
586 3779 655 3824 ³:
669 3753 778 3814 Nioolai
799 3753 884 3833 Prog.
910 3755 949 3834 Sp
971 3754 1011 3814 lll
1033 3754 1135 3824 4501,

424 3895 465 3904 -
492 3857 551 3920 581
582 3883 651 3928 2=
666 3857 880 3936 epichirematis
889 3856 1061 3931 definitioni,
1074 3875 1160 3936 quam
1169 3856 1199 3918 in
1207 3858 1416 3920 commentario
1423 3858 1555 3920 Pseudo-

496 3959 649 4040 georgiano
672 3979 735 4021 esse
759 3960 885 4022 diximus
908 3970 938 4021 et
958 3960 1021 4021 hrti
1042 3959 1199 4021 tribuimus
1221 3979 1250 4039 p.
1266 3959 1351 4021 XVll.

426 4099 467 4107 -
496 4062 554 4124 581
586 4096 598 4134 ³
613 4090 655 4116 =
670 4065 820 4143 Anonyma
843 4065 878 4125 dc
899 4064 964 4124 Jnv.
988 4063 1101 4126 Scholia
1124 4063 1160 4122 W
1174 4063 1198 4122 V
1213 4062 1273 4124 395
1288 4095 1315 4132 14

464 4330 474 4362 ¹
493 4328 627 4381 Geometra
641 4347 671 4381 eo
684 4338 780 4382 tanturn
793 4330 823 4380 ab
834 4330 950 4396 Epitoma
962 4329 1097 4395 discrepat,
1110 4329 1175 4394 quod
1187 4329 1254 4380 inter
1267 4329 1446 4395 paenultimam
1459 4338 1484 4380 et
1496 4330 1558 4393 nlti-

396 4413 461 4449 mum
483 4406 643 4465 praeceptum
663 4399 694 4450 W
709 4398 730 4450 ll
747 4399 797 4449 230
810 4413 843 4463 aa,
869 4399 955 4452 2311a
972 4405 1131 4465 praeceptura
1152 4414 1167 4448 ι
1184 4397 1286 4449 Theona
1303 4399 1439 4464 repetitum
1457 4399 1557 4450 inserit.
