3590 5262
669 454 709 462 -
758 416 864 481 XLIII
909 453 951 461 -

227 600 257 653 et
288 595 324 667 §A
346 591 419 652 37---
430 591 470 656 39
504 595 690 673 respondent.
747 596 869 658 Cornuti
894 594 972 655 Artis
1004 603 1126 676 partem,
1158 615 1215 674 qua
1248 596 1283 656 de
1305 591 1393 666 τάξει

227 696 369 777 prooemii
391 696 538 776 agebatur,
561 696 597 757 ab
619 698 810 778 epitomatcre
826 699 976 770 omissam,
992 697 1027 758 ab
1043 696 1090 758 Hs
1106 707 1203 759 autem
1219 697 1395 778 descriptam

229 818 293 860 esse
315 817 402 879 supra
425 799 592 861 statuimus.
642 800 768 862 dubitari
795 802 884 881 igitur
910 800 1021 880 nequit,
1052 801 1122 880 quin
1146 801 1182 862 ab
1204 801 1396 882 epitomature

229 911 331 982 quarta
347 923 464 984 quoque
479 921 556 983 pars,
578 903 608 964 ln
631 922 687 982 qua
710 905 842 984 quaestio
865 904 1081 976 instituebatur,
1104 904 1327 984 prooemiumne
1349 905 1395 966 di-

228 1006 287 1067 ridi
309 1016 418 1087 posset,
441 1006 535 1068 excisa
558 1014 588 1067 et
609 1006 663 1067 hae
685 1017 824 1086 quattuor
845 1017 942 1088 partes
965 1007 1053 1088 primi
1074 1007 1110 1068 de
1132 1006 1300 1068 inventione
1322 1007 1395 1068 tomi

228 1109 305 1189 apud
328 1108 491 1171 domutum
514 1111 641 1171 eundem
665 1111 797 1171 ordinem
821 1122 908 1191 atque
930 1111 1141 1190 respondentes
1162 1118 1259 1191 partes
1275 1110 1396 1172 secundi

230 1211 302 1274 tomi
325 1223 440 1274 secutae
462 1213 531 1275 sint.
582 1233 618 1274 ex
645 1233 703 1294 quc
730 1213 908 1292 intellegitur
928 1214 1078 1294 Epitomes
1107 1214 1195 1276 rerba
1219 1213 1302 1288 §db
1325 1232 1399 1293 quae

230 1316 307 1397 apud
332 1316 496 1378 Cornutum
523 1335 590 1378 cum
622 1319 684 1378 eius
712 1318 748 1378 de
771 1317 934 1378 dill'ereutIa
960 1316 1104 1396 prooemii
1125 1325 1155 1377 et
1177 1315 1281 1396 epilogi
1304 1315 1398 1377 verbis

229 1421 394 1509 cohaesisse
416 1420 608 1500 sumpsimus,
630 1439 688 1481 nun
712 1439 799 1482 suurn
823 1421 920 1482 locum
945 1419 1052 1481 habere
1074 1420 1125 1481 sed
1148 1420 1185 1480 ab
1208 1418 1399 1499 epitomatore

229 1543 274 1596 eo,
298 1524 348 1585 ubi
370 1523 424 1585 alia
447 1526 629 1597 resecuisset,
654 1527 791 1586 translata
813 1543 887 1585 esse.

315 1629 349 1688 ln
382 1626 530 1708 Epitomes
568 1636 665 1707 parte,
704 1647 777 1707 quae
815 1629 850 1689 de
883 1625 1139 1707 praetermissione
1171 1624 1314 1705 prooemii
1345 1632 1399 1697 est,

229 1730 358 1811 primum
379 1739 566 1811 praeceptum
591 1732 677 1792 datur
695 1750 755 1793 non
778 1749 893 1811 semper
911 1729 1094 1810 prooemium
1111 1728 1277 1792 faciendum
1293 1746 1357 1788 esse
1371 1736 1401 1788 et

230 1841 369 1914 quattuor
396 1852 500 1896 causae
526 1834 669 1914 prooemii
699 1832 951 1914 praetermittendi
978 1842 1191 1893 enumerantur
1211 1833 1248 1906 §§
1264 1830 1398 1892 22-25.

231 1946 261 1997 et
292 1936 531 2017 quadripartitio¹
565 1945 596 1997 et
628 1936 714 1998 verba
748 1935 846 2009 tto„
880 1953 955 2014 quae
987 1935 1023 1995 ad
1056 1934 1169 1996 Neoclis
1202 1934 1399 1995 definitionem

231 2039 373 2119 prooemii
405 2058 494 2119 supra
523 2048 675 2101 tractatam
703 2038 874 2119 respiciunt,
906 2037 1075 2099 testimonio
1105 2047 1176 2098 sunt
1206 2037 1277 2098 baec
1303 2035 1401 2097 omnia

231 2142 330 2203 Neocli
353 2142 460 2204 deberi.
505 2151 568 2204 tum
584 2151 773 2223 praeceptum
785 2141 1056 2222 Apollodorcorum,
1071 2149 1105 2201 ut
1119 2159 1235 2220 semper
1250 2139 1400 2220 prooemio

233 2244 376 2307 utendum
409 2245 456 2319 sit,
489 2245 628 2317 adfertur,
662 2246 740 2325 quod
774 2254 803 2307 et
825 2245 953 2306 rationes
975 2243 1011 2304 ab
1033 2243 1090 2304 illis
1112 2244 1222 2304 adlatae
1249 2253 1279 2304 et
1300 2261 1400 2304 earum

232 2349 424 2410 refutationes
438 2349 475 2409 ab
487 2349 648 2410 Alexandro
664 2349 789 2429 scriptae
804 2356 969 2427 sequuntur
984 2346 1163 2422 §eac-35.
1186 2347 1273 2408 verba
1284 2347 1401 2428 Apollo-

232 2453 389 2514 dorcorum
411 2462 441 2512 et
462 2453 626 2526 Alexandri,
649 2452 757 2532 quibus
785 2452 821 2513 de
849 2451 990 2531 prooemii
1018 2450 1274 2531 praetermissione
1296 2451 1400 2530 agitur,

232 2557 269 2617 ab
290 2555 480 2637 epitomatore
503 2564 614 2617 resecta
637 2575 701 2617 esse
724 2575 783 2619 uno
805 2555 869 2616 loco
891 2554 922 2615 in
945 2554 1100 2635 propatulo
1123 2563 1177 2615 est.
1232 2573 1300 2615 cum
1322 2554 1401 2615 enim

232 2661 406 2733 Alexander,
433 2659 484 2738 qui
511 2669 666 2739 postquam
693 2658 834 2740 principia
862 2657 1095 2719 adversariorum
1125 2657 1274 2719 doctrinae
1300 2658 1401 2738 paucis

233 2762 423 2844 impugnavit,
452 2763 563 2841 singula
592 2772 763 2842 argumenta
789 2779 891 2823 eorum
922 2761 958 2822 ab
990 2761 1092 2822 infimo
1119 2761 1261 2842 inpriens
1288 2761 1401 2833 refellit,

234 2866 407 2928 senteutiam
430 2867 502 2939 πῶς
527 2862 605 2948 pto>
624 2862 704 2948 ἡμῖν
719 2861 737 2948 ἡ
755 2859 906 2948 διήγησις
920 2863 1150 2947 παραδεχθείη
1166 2862 1210 2947 μή
1226 2885 1403 2947 προπαρα-

235 2970 455 3050 σκευασμένου
477 2969 535 3031 τοῦ
557 2965 719 3051 ἀκροατοῦ
741 2970 788 3052 τῷ
809 2970 976 3050 προοιμίῳ
999 2966 1084 3048 πρὸς
1105 2966 1161 3050 τὴν
1184 2963 1284 3050 ἀκοήν
1299 2986 1402 3047 aggre-

235 3071 331 3133 diatur
352 3072 435 3147 §35,
458 3072 602 3133 eiusmodi
624 3072 768 3134 sententia
790 3071 866 3132 inter
881 3071 1140 3151 Apollodorcorum
1157 3080 1328 3149 argumenta
1350 3071 1400 3131 de·

237 3175 390 3235 sideratur.
434 3184 578 3254 quantum
600 3176 631 3237 in
654 3177 708 3237 hac
729 3186 813 3256 parte
828 3175 1003 3255 epitomator
1017 3173 1053 3234 ab
1068 3175 1147 3235 Artis
1162 3174 1284 3236 Cornuti
1307 3173 1402 3235 rerbis

236 3278 404 3340 discesserit
424 3280 512 3340 statui
534 3298 593 3340 nou
615 3288 720 3359 potest.

300 3381 422 3443 Cornuti
444 3382 522 3444 Artis
555 3383 591 3444 de
612 3379 702 3453 τάξει
724 3381 866 3463 prooemii
888 3391 1011 3462 partem,
1039 3399 1114 3461 quae
1135 3379 1289 3441 Alexandri
1322 3381 1399 3440 refu-

238 3484 377 3546 tationem
401 3486 660 3565 Apollodorcorum
683 3485 718 3546 de
740 3483 882 3566 prooemii
910 3503 967 3545 usu
989 3483 1136 3565 praecepti
1158 3481 1331 3562 excipiebat,
1355 3481 1402 3544 IlS

237 3577 380 3668 excerpsit
401 3587 437 3647 W
449 3589 498 3650 Vll
514 3589 553 3651 53
568 3621 633 3660 μοι
647 3587 731 3648 =Vl
747 3587 809 3648 512
831 3588 898 3649 adn.
914 3589 954 3648 44
976 3584 1013 3649 τὸ
1037 3587 1217 3671 προοίμιον
1239 3583 1321 3646 κατὰ
1343 3582 1403 3666 μὲν

237 3687 619 3773 τούςἍπολλοδιορείους
633 3692 693 3774 τὴν
708 3688 839 3774 πρώτην
853 3687 947 3762 τάξιν
961 3690 1018 3753 τοῦ
1033 3686 1132 3768 λόγου
1147 3686 1272 3767 ἐπέχει·
1297 3686 1328 3748 εἰ
1341 3683 1402 3767 γὰρ

238 3796 416 3876 προσοχῆς,
440 3790 536 3873 φασί,
558 3795 623 3856 τῶν
645 3788 831 3857 ἀκουόντων
853 3791 922 3856 ἐστὶ
939 3790 1114 3874 ποιητικὸν
1129 3790 1212 3874 πρὸς
1227 3788 1268 3853 τὰ
1282 3789 1403 3871 λεχθῆ-

237 3919 292 3960 ναι
315 3897 398 3981 μετὰ
418 3897 520 3960 ταῦτα
543 3892 732 3978 ὀφείλοντα,
757 3897 849 3960 πᾶσα
872 3888 996 3978 ἀνάγκη
1019 3891 1098 3957 αὐτὸ
1121 3891 1186 3976 πρὸ
1209 3895 1274 3956 τῶν
1296 3889 1403 3954 ἄλλων

307 4084 496 4151 ¹Quautopere
518 4083 627 4135 Neocles
654 4084 870 4151 quadriparticodi
897 4082 1027 4133 studiosus
1054 4081 1140 4144 luerit,
1168 4081 1255 4146 paucis
1280 4079 1403 4146 exemplis

239 4155 406 4205 illustremus.
441 4154 584 4204 Stoicorum
607 4154 861 4218 quadripartitioncm
881 4149 1024 4202 adfectuum
1042 4149 1156 4200 adhibuit
1174 4149 1261 4216 5224,
1285 4155 1404 4214 quattuor

239 4238 328 4274 causas
354 4223 537 4288 propositionis
560 4237 621 4271 usus
644 4223 802 4272 enumeravit
823 4218 856 4286 ἕξ
877 4218 1017 4278 rot-165,
1045 4225 1164 4284 quattuor
1187 4219 1286 4284 specics
1308 4217 1404 4279 recapi-

239 4292 374 4342 tulationis
393 4292 491 4341 invenit
503 4290 518 4356 5
531 4291 588 4351 tlt,
607 4296 727 4355 quattuor
737 4304 779 4340 res
793 4289 840 4338 linc
853 4287 1039 4352 comprehendi,
1050 4293 1171 4350 quattuor
1182 4288 1205 4336 ci
1216 4288 1404 4353 παρακείμενα

240 4374 296 4409 essa
315 4360 380 4410 dlxit
396 4358 412 4424 ξ
427 4359 482 4424 172,
500 4367 622 4421 quattuor
640 4360 720 4409 modis
738 4354 769 4408 τὸ
788 4357 929 4426 συμφέρον
946 4371 959 4406 e
978 4356 1050 4406 bonis
1069 4363 1094 4404 et
1112 4355 1185 4406 malis
1204 4355 1260 4405 lieri
1272 4353 1404 4404 contendit

241 4425 257 4494 ᾗ
271 4427 327 4492 180,
345 4444 390 4495 qua
404 4443 432 4478 rc
445 4427 475 4477 ab
489 4428 603 4478 omnibus
616 4428 677 4478 aliis
690 4427 834 4478 rhetoribus
847 4427 977 4491 discrepat
988 4423 1031 4487 (cf.
1045 4423 1249 4475 commentarium
1262 4423 1293 4473 ad
1305 4421 1321 4487 ξ
1334 4423 1402 4484 180).
