3590 5262
781 346 855 396 4-
901 309 979 376 1111
1025 346 1062 356 -

356 493 392 554 de
414 490 486 552 ideis
508 491 582 552 libro
604 508 696 569 pauca
718 507 872 569 excerpere
880 490 900 562 1,
924 498 1052 575 tumea,
1074 507 1148 567 quae
1163 489 1194 548 in
1209 488 1420 551 commentario
1439 497 1523 551 vetu-

357 596 481 657 stiorum
504 593 664 675 Aphthonii
684 593 881 674 interpretum
908 593 944 655 ad
966 594 1041 654 hane
1062 611 1124 654 rem
1148 591 1344 672 spectabant²,
1374 602 1524 674 postremo

357 718 398 772 ea,
422 718 495 778 quae
511 699 666 759 Geometra
688 697 718 758 in
734 696 894 777 aphthonii
914 696 1155 777 interpretatione
1171 697 1321 758 decadem
1337 715 1370 758 re
1385 696 1523 769 disereti,

357 804 393 864 ad
415 802 536 864 verbum
568 800 732 862 describere
760 800 843 861 solet.
886 800 994 879 quihus
1018 820 1033 861 e
1055 801 1137 862 libris
1159 801 1313 862 Geometra
1335 801 1411 862 hanc
1432 801 1525 863 inter-

357 906 529 988 pretationis
563 924 632 966 suae
665 911 776 986 partem
809 905 997 983 congesserit,
1030 904 1105 966 infra
1131 905 1216 966 nobis
1243 905 1442 984 quaerendum
1470 914 1524 965 est.

358 1011 396 1072 At
421 1011 475 1072 toti
497 1029 533 1070 ex
555 1008 689 1090 Epitoma
711 1009 849 1090 pendent.

743 1112 784 1173 Α]
806 1112 842 1171 W
857 1112 884 1172 ll
1068 1110 1090 1170 Ε
1188 1145 1190 1148 -

711 1214 773 1277 219
801 1214 903 1284 3,-2211
918 1247 931 1286 3
945 1242 988 1268 =
1002 1217 1039 1290 ᾗῇ
1055 1212 1179 1276 89-88

714 1318 776 1380 228
792 1319 907 1389 33-229
922 1352 935 1389 3
948 1346 991 1372 =
1006 1323 1042 1394 §§
1058 1317 1183 1379 64—77

712 1421 775 1483 234
804 1455 869 1492 3-33
947 1421 1182 1497 -εςξ89-98

359 1527 401 1588 111
423 1544 597 1607 permagnas
618 1525 768 1606 Epitomes
795 1533 892 1607 partes
914 1526 945 1587 in
972 1526 1080 1588 scholia
1102 1544 1155 1587 sua
1183 1525 1417 1606 transscripsisse
1440 1525 1527 1598 vides,

361 1632 413 1692 sed
440 1650 491 1691 eos
518 1629 640 1691 consilio
673 1631 815 1708 quaedam
845 1629 980 1692 omisisse
1013 1649 1103 1711 pauca
1137 1628 1281 1691 addidisse
1312 1629 1366 1691 alia
1399 1638 1528 1691 mutasse

360 1753 528 1815 cognosces.
573 1735 681 1795 desunt
707 1734 782 1814 apud
805 1735 846 1795 ai
873 1735 1022 1815 complura
1050 1741 1202 1814 praecepta
1225 1733 1376 1813 Epitomes
1404 1742 1477 1795 tota:
1506 1733 1529 1793 E

361 1842 398 1914 ἓξ
414 1837 464 1911 72,
488 1838 538 1911 74,
562 1836 612 1911 76,
637 1837 686 1910 87,
710 1838 750 1899 96
773 1846 802 1898 11
825 1836 982 1918 particulae
1005 1837 1159 1899 aliorum⁴z
1181 1836 1305 1898 verbali
1324 1839 1362 1898 14
1376 1870 1402 1909 33
1424 1831 1481 1899 καὶ
1497 1883 1529 1898 ..

360 1939 496 2018 λέγοντι,
532 1941 598 2010 153
620 1937 676 2002 καὶ
696 1974 767 2012 -3
790 1938 1000 2022 σιοιιτώμενα,
1036 1940 1074 2001 15
1095 1973 1107 2011 3
1129 1933 1231 2011 6-3
1257 1933 1428 2023 χρήσιμον,
1460 1941 1529 2010 173

362 2045 554 2126 οἰκονομίας
569 2076 635 2114 -3
656 2047 779 2127 χρείαν.
824 2047 1021 2108 additamenta
1047 2044 1141 2106 tribus
1163 2044 1234 2106 locis
1258 2045 1529 2124 deprehenduntur:

364 2150 398 2210 W
414 2149 439 2211 ll
462 2148 525 2210 234
539 2181 551 2220 s
573 2158 640 2229 post
662 2169 713 2210 sex
729 2148 832 2232 μόρια
846 2145 1063 2234 διηγήσεαςΕ
1082 2147 1120 2209 18
1135 2180 1162 2218 33
1184 2158 1354 2210 enumerata
1370 2149 1529 2229 septimum

363 2249 503 2335 ὄργανον
539 2253 710 2315 nominatur
746 2262 776 2315 et
808 2254 940 2334 exempla
972 2252 1154 2330 singulorum
1189 2252 1386 2331 adponuntur.
1443 2252 1479 2312 W
1505 2253 1531 2314 ll

363 2356 425 2417 229
440 2387 492 2425 3-3
518 2364 672 2436 praecepto
700 2356 832 2418 vitandae
858 2352 1091 2440 περιφράσεως
1117 2354 1214 2428 (=E
1240 2358 1258 2429 §
1279 2355 1332 2436 73)
1359 2358 1414 2418 hoc
1436 2356 1531 2418 simile

363 2459 529 2521 adnectitur
550 2457 606 2520 καὶ
629 2457 688 2522 ἐὰν
709 2457 752 2543 μὴ
774 2451 876 2536 λόγον
897 2454 970 2524 ἀντὶ
988 2454 1149 2540 ὀνόματος
1164 2459 1275 2546 ποιῇς,
1299 2457 1372 2523 οἷον
1387 2455 1459 2524 alvei
1473 2459 1532 2524 τοῦ

364 2559 516 2625 ἀπέθανε
546 2560 603 2624 τὸν
631 2563 708 2643 βίον
735 2561 876 2634 ἐξέλιπε.
927 2564 963 2623 W
983 2565 1009 2624 ll
1036 2563 1097 2625 219
1118 2595 1143 2633 33
1175 2570 1244 2642 post
1270 2558 1533 2646 ὀνοματοποιῒας

365 2667 531 2747 exemplum
550 2666 644 2740 (ΞΕ
668 2668 707 2727 17
723 2667 762 2746 n)
784 2667 908 2729 alterurn
935 2668 1066 2729 adfertur
1087 2665 1142 2728 καὶ
1165 2666 1201 2729 τὸ
1225 2663 1392 2750 κελαρύζει
1415 2667 1471 2730 καὶ
1493 2667 1534 2730 τὰ

366 2764 477 2852 ὅμοια.
526 2772 650 2830 fortasse
676 2769 753 2831 dices
781 2771 853 2831 haec
879 2771 977 2832 omnia
998 2771 1150 2851 Epitomae
1177 2773 1295 2852 propria
1322 2773 1422 2846 fuisse,
1453 2773 1482 2834 in
1509 2773 1532 2833 P

366 2883 464 2936 autern
488 2872 638 2934 excidisse.
682 2883 712 2935 at
727 2874 773 2935 TS
789 2873 884 2934 verbis
900 2874 936 2933 W
952 2875 963 2936 l
979 2874 1038 2935 261
1056 2907 1082 2944 33
1097 2871 1198 2956 μόρια
1215 2872 1251 2937 δὲ
1267 2871 1448 2958 διηγήσεώς
1463 2874 1533 2939 ἔστι

365 2976 407 3042 τὰ
428 2976 464 3050 ἓξ
486 2974 705 3059 περιστατικά
724 2976 773 3056 (11.
790 2978 856 3038 adn.
873 2978 922 3039 Vll
935 2979 961 3056 3)
984 2998 1015 3040 se
1031 2998 1090 3040 non
1107 2987 1219 3060 septem
1235 2975 1338 3062 μόρια
1353 2977 1535 3064 διηγήσεως

366 3085 396 3146 in
417 3083 553 3164 Epitoma
580 3082 685 3162 legisse
714 3082 865 3154 testatur⁶,
894 3083 973 3144 unde
994 3083 1035 3143 al
1057 3079 1195 3165 ὄργανον
1216 3091 1246 3144 11
1267 3085 1399 3165 exempla
1422 3094 1532 3166 septem

366 3189 493 3270 μορίων
519 3186 671 3266 Epitomes
704 3182 919 3247 enumerationi
952 3188 1078 3268 μορίοιν
1105 3188 1243 3249 adiecisse
1271 3187 1405 3249 efficitur.
1449 3208 1535 3269 prae-

367 3301 485 3373 ceptum
501 3290 537 3349 W
552 3290 579 3351 11
595 3288 656 3351 229
671 3322 693 3364 3,
713 3308 750 3350 ne
770 3289 915 3352 sententia
929 3309 983 3370 pro
997 3290 1138 3352 vocabulo
1154 3289 1333 3364 adhibeatur,
1350 3292 1385 3352 ab
1400 3290 1535 3372 Epitoma

368 3396 496 3457 alienum
524 3413 588 3454 esse
616 3412 652 3454 ex
675 3412 709 3454 eo
732 3393 944 3468 concludimus,
973 3395 1050 3473 quod
1073 3406 1261 3475 praeceptum
1285 3395 1418 3457 vitandae
1440 3416 1535 3477 περι-

369 3496 521 3583 φράσεως
542 3498 620 3558 inter
642 3515 675 3558 ea
698 3496 846 3558 brevitatis
869 3505 1021 3579 praecepta
1044 3506 1098 3570 est,
1121 3517 1194 3577 quae
1215 3498 1376 3560 Alexandro
1391 3499 1536 3562 Numenio

370 3586 554 3664 attribuenda
588 3609 667 3662 sunt.
722 3619 810 3679 quem
845 3619 905 3661 non
938 3605 1144 3684 περίφρασιν
1176 3611 1262 3682 atque
1295 3603 1382 3665 etiam
1415 3603 1536 3685 insuper

370 3705 533 3768 sententiae
565 3723 618 3785 pro
641 3703 782 3765 vocabulo
815 3723 903 3766 usum
936 3705 1063 3767 vetuisse
1090 3714 1224 3786 apertum
1253 3714 1306 3782 est,
1340 3708 1478 3785 quoniam
1510 3707 1537 3768 ei

439 3925 448 3958 ¹
467 3924 502 3976 W
519 3923 541 3975 ll
558 3924 724 3978 21611-219
739 3939 764 3988 a,
783 3923 999 3987 22111-22811;
1018 3925 1136 3989 234111.

439 3993 449 4026 ²
468 3992 503 4044 W
520 3992 542 4043 11
559 3993 608 4043 219
623 3993 712 4045 1-2211
727 4007 753 4055 a,
771 3992 974 4056 22811-2291;
994 3993 1044 4043 234
1057 4008 1131 4046 e-ae.

439 4061 450 4096 ³
467 4061 503 4113 W
521 4060 543 4112 Π
561 4061 610 4111 2211
625 4062 714 4114 1-226
726 4077 765 4125 aa3
787 4061 836 4111 229
850 4061 940 4115 1-233
953 4077 990 4125 aa,
1010 4061 1197 4113 2351-2361.

441 4131 507 4180 ‘Ad
529 4131 637 4180 alterurn
660 4131 826 4198 synonymiae
850 4131 990 4196 exemplum
1013 4130 1034 4179 Ε
1055 4131 1113 4182 151
1135 4122 1151 4194 ἢ
1175 4129 1253 4198 ξίφος
1273 4130 1320 4180 καὶ
1341 4121 1466 4201 μάχαιρα
1489 4146 1538 4180 nen

373 4200 586 4267 praetermisisse,
605 4197 649 4248 sed
666 4200 876 4265 interpolatorem
896 4200 923 4249 id
942 4214 975 4249 ex
992 4196 1159 4248 inferioribus
1178 4199 1264 4249 verbis
1282 4198 1303 4248 Ε
1323 4199 1353 4250 15
1368 4215 1381 4252 a
1398 4201 1538 4266 archetypo

374 4268 470 4320 codicis
491 4269 507 4318 P
532 4268 673 4319 inseruisse
692 4266 823 4334 iiayserus
846 4274 916 4319 recte
939 4267 1052 4318 coniecit
1073 4265 1225 4317 dicineleener
1247 4265 1296 4318 Gal.
1314 4268 1380 4318 Anz.
1395 4267 1458 4318 1855
1477 4285 1501 4335 p.
1514 4271 1538 4319 6.

442 4334 507 4386 ⁶Cl.
525 4335 644 4387 Fiuelrhii
662 4337 820 4400 programma
839 4337 857 4387 l.
877 4352 898 4402 p.
914 4336 953 4386 19.
