3590 5262
671 433 714 442 -—
761 395 866 461 LXXI
912 433 952 444 -

229 574 404 648 117-120,
431 573 607 645 tac-128,
632 574 806 646 147-154,
831 574 1199 646 156-157‚160-168‚
1218 575 1393 648 170-185,

229 679 395 741 192-194
405 679 426 751 ¹,
450 676 520 748 198,
544 675 721 748 aua-206,
745 676 1119 750 210-22u223--228,
1143 677 1214 751 236,
1238 677 1309 739 239.

314 780 396 842 Haud
419 780 528 841 multae
550 790 648 860 partes
663 780 813 861 Epitomes
836 788 958 851 restant,
981 799 1054 858 quae
1070 779 1158 842 certis
1174 781 1209 842 de
1225 780 1321 842 causis
1344 781 1395 842 uni

227 907 261 948 ex
291 884 384 947 tribus
407 883 528 945 Comuti
553 883 720 946 auctoribus
743 883 863 945 attribui
884 901 945 944 non
966 883 1089 963 possint,
1118 892 1147 945 et
1168 883 1249 945 valde
1272 883 1394 945 dubium

227 999 281 1061 est,
303 1005 375 1049 num
398 987 453 1047 bae
475 1006 578 1049 omnes
601 1008 617 1049 a
640 988 770 1048 Cornuto
792 985 857 1067 ipso
881 987 1005 1066 scriptae
1027 986 1097 1048 sint.
1134 987 1201 1049 inde
1216 987 1395 1067 intellegitur

228 1092 390 1153 Cornutum
421 1090 513 1169 magis
540 1091 570 1160 id
597 1098 758 1172 spectasse,
792 1098 826 1151 nt
853 1089 933 1151 utilia
962 1088 1161 1169 antiquiorum
1188 1091 1394 1171 praeceptam

226 1196 327 1256 Artem
354 1212 436 1255 suam
465 1194 612 1273 colligeret
638 1212 725 1274 quam
757 1202 791 1254 ut
819 1212 873 1254 sno
900 1201 993 1255 marte
1022 1202 1174 1274 praecepta
1202 1193 1293 1254 daret.
1337 1213 1394 1273 qua

227 1316 259 1358 re
287 1297 371 1359 nobis
398 1297 469 1359 haec
491 1298 545 1375 Ars
572 1297 665 1377 pluris
691 1297 864 1359 aestimatur
894 1307 923 1359 et
949 1296 1062 1358 auctori
1089 1315 1224 1377 magnam
1252 1298 1394 1361 habemus

228 1403 359 1480 gratiam,
383 1400 461 1480 quod
485 1408 529 1462 tot
551 1408 705 1480 tantasque
727 1408 826 1482 partes
848 1400 955 1462 artium
980 1399 1156 1462 veteriorum
1180 1401 1313 1463 servavit.

522 1627 583 1704 DE
609 1625 817 1704 RATIONE
843 1625 1099 1704 EDITIONIS.

312 1764 374 1825 Hoc
386 1763 472 1825 nobis
485 1763 704 1843 proposuimus,
721 1771 755 1824 ut
766 1773 795 1825 et
807 1762 930 1824 Cornuti
941 1763 1019 1824 Artis
1031 1763 1196 1844 Epitemen,
1212 1783 1286 1844 quae
1298 1765 1396 1827 codice

227 1869 249 1929 P
273 1868 452 1941 continetur,
473 1885 561 1946 quam
585 1867 857 1929 emendatissimum
880 1867 1033 1927 ederemus
1056 1875 1086 1928 et
1107 1867 1254 1946 quomodo
1277 1868 1312 1930 ab
1327 1869 1397 1931 Arte

228 1973 405 2053 discreparet
417 1971 543 2032 editione
555 1979 655 2031 nostra
667 1989 755 2050 quam
768 1971 928 2051 plurimum
941 1975 1181 2052 patefaceremus.
1198 1991 1254 2051 qua
1266 1973 1302 2033 de
1310 1991 1396 2034 cansa

227 2077 258 2136 in
273 2076 418 2157 Epitoma,
441 2074 608 2155 ubicunque
624 2075 703 2136 Artis
724 2084 822 2155 partes
845 2074 881 2135 ab
896 2075 1089 2155 epitomatore
1104 2074 1229 2136 omissas
1244 2094 1309 2137 esse
1324 2094 1396 2136 con-

228 2189 286 2240 stat
301 2181 348 2259 (ut
362 2182 399 2253 ἐς
411 2178 439 2251 2,
456 2179 498 2253 5),
520 2177 607 2238 buius
624 2177 703 2238 modi
717 2177 836 2239 lacunas
852 2177 971 2239 insertis
985 2177 1100 2238 lineolis
1117 2181 1171 2251 (-
1183 2213 1222 2221 ——
1234 2179 1289 2258 -)
1305 2179 1396 2258 signi-

227 2283 388 2344 ficavimus.
419 2300 522 2342 omnes
539 2280 686 2362 Epitomes
709 2291 816 2360 parteS,
839 2301 912 2360 quas
934 2280 970 2342 ab
993 2281 1184 2362 epitomatore
1204 2282 1396 2362 transpositas

228 2405 291 2446 esse
307 2385 497 2465 cognovimus
513 2386 559 2465 (ut
575 2388 611 2461 ἐξ
624 2384 652 2460 3,
669 2384 733 2460 36),
753 2404 769 2446 a
785 2384 906 2446 sinistro
922 2385 1053 2465 margine
1068 2385 1281 2464 aliquantulum
1298 2405 1396 2447 remo·

226 2489 332 2551 vimus.

313 2594 355 2654 Ad
366 2592 453 2654 verba
465 2592 615 2673 Epitomes
631 2592 811 2653 emendanda
824 2600 958 2672 excerpta
970 2592 1121 2673 Epitomes
1133 2602 1162 2654 et
1173 2601 1306 2674 excerpta
1318 2593 1397 2654 Artis

229 2697 355 2758 multum
369 2699 501 2757 conlerre
510 2695 776 2776 comprobavimus.
793 2697 891 2775 itaque
898 2695 1150 2776 Epitomesverbis
1158 2696 1397 2777 subscripsimus,

227 2820 302 2879 quae
324 2800 495 2880 paragraphi
518 2799 580 2861 eius
603 2818 668 2860 cum
693 2799 868 2879 quibusdam
886 2799 1035 2880 Epitomes
1058 2801 1201 2880 excerptis
1218 2800 1300 2881 (ΕΡ),
1322 2821 1397 2880 quae

227 2923 294 2965 cum
318 2903 493 2984 quibusdam
509 2904 588 2966 Artis
610 2903 755 2985 excerptis
771 2903 844 2978 (ΑΒ)
868 2903 1080 2983 comparandae
1100 2913 1207 2965 essent.
1238 2923 1311 2983 quos
1327 2903 1397 2984 Epi·

228 3017 323 3069 tomes
345 3008 425 3068 locos
447 3006 477 3066 in
494 3008 516 3068 P
539 3007 723 3068 librariorum
743 3006 827 3086 culpa
843 3007 1014 3087 depravatos
1030 3008 1191 3068 secundum
1209 3017 1331 3086 utraque
1347 3027 1398 3068 ex-

228 3119 325 3190 cerpta
335 3111 546 3183 sanaverimus,
558 3113 586 3172 in
596 3112 737 3193 adparatu
747 3111 849 3172 critico
858 3110 1072 3172 adnotavimus.
1088 3113 1117 3173 in
1125 3113 1250 3173 eundem
1258 3111 1398 3172 lectiones

226 3213 305 3273 Artis
328 3222 532 3292 excerptorum
556 3234 572 3275 a
595 3214 617 3274 P
640 3215 838 3294 discrepantes
861 3214 1027 3294 recepimus
1050 3215 1092 3276 eis
1114 3215 1194 3288 locis,
1217 3214 1325 3294 quibus
1347 3225 1398 3276 aut

229 3315 355 3377 dubitari
369 3325 476 3395 potest,
493 3326 558 3378 utra
573 3316 659 3378 lectio
674 3317 863 3398 praeferenda
880 3317 918 3378 sit
931 3324 977 3391 tut
988 3317 1011 3377 E
1023 3319 1084 3390 51⁶,
1096 3319 1137 3378 47
1146 3320 1195 3392 ιο),
1211 3325 1261 3377 aut
1273 3317 1398 3396 genuina

228 3473 340 3522 cunctati
358 3488 452 3536 sumus,
470 3474 539 3523 inter
557 3471 698 3536 fragmenta
717 3473 792 3523 huius
811 3473 925 3524 rhetoris
943 3473 1109 3524 numerandas
1128 3487 1186 3523 esse
1204 3472 1299 3522 duabus
1317 3473 1400 3522 ratio·

228 3541 300 3590 nibus
320 3542 504 3607 comprobatur.
539 3557 602 3608 quae
621 3542 687 3591 enim
705 3540 738 3606 §§
758 3543 798 3605 54,
819 3544 850 3591 55
874 3544 904 3590 de
928 3542 1064 3604 generibus
1087 3541 1243 3591 narrationis
1268 3543 1399 3605 docentur,

226 3609 293 3658 haud
317 3625 376 3659 raro
400 3610 554 3661 adverbum
579 3625 633 3660 cnm
651 3610 781 3660 Cornificii
799 3617 826 3660 et
844 3610 976 3660 Ciceronis
996 3609 1155 3676 expositione
1174 3611 1336 3660 consentiunt
1353 3608 1397 3671 (cl.

228 3678 433 3728 commentorium
452 3681 482 3727 ad
501 3680 546 3728 has
565 3677 616 3743 ἐξ).
651 3678 763 3744 reliquas
786 3687 869 3728 autern
888 3677 992 3728 Cornuti
1012 3679 1083 3728 Artis
1107 3684 1203 3743 partes,
1226 3693 1289 3742 qnae
1312 3678 1398 3727 eodem

228 3749 300 3796 modo
319 3762 373 3795 eum
391 3747 445 3797 illis
458 3747 604 3797 rhetoribus
618 3745 735 3797 Romanis
748 3747 904 3812 conspirant,
922 3747 1026 3798 Neoclis
1039 3762 1094 3796 esse
1107 3753 1207 3797 constat
1219 3745 1262 3806 (ol.
1276 3761 1400 3796 conamen-

228 3816 321 3865 turinm
340 3817 369 3865 ad
389 3814 422 3880 ἐξ
436 3816 536 3866 65-68
555 3822 581 3865 et
598 3814 655 3865 adn.
668 3814 715 3864 tx
729 3819 760 3879 a).
797 3823 932 3881 praeterea
950 3817 976 3864 in
993 3813 1052 3880 §dl
1074 3817 1159 3865 cedern
1178 3815 1244 3865 ratio
1258 3814 1400 3878 adhibetur,

228 3898 290 3949 quae
308 3883 333 3932 in
352 3881 368 3948 ξ
383 3883 439 3946 112,
457 3891 486 3932 ut
504 3884 609 3948 primunr
629 3884 757 3933 sententia
775 3885 929 3949 quorundum
947 3885 1085 3947 rhetorum,
1104 3884 1147 3948 qui
1166 3884 1312 3948 pronomine
1330 3898 1401 3939 rerer

228 3952 413 4012 significantur,
438 3959 587 4018 exponatur,
611 3960 660 4001 turn
684 3952 741 4017 qnid
764 3953 819 4015 alii,
837 3952 885 4017 'qui
908 3951 954 4002 sub
972 3951 1051 4002 verbo
1070 3964 1140 4019 φασι
1161 3952 1250 4013 latent,
1273 3952 1305 4000 ud
1327 3951 1399 4000 illam

229 4018 386 4070 refutandam
405 4020 527 4083 dixerint,
545 4018 683 4070 adferatur.
719 4019 735 4085 ξ
750 4020 798 4071 112
817 4027 899 4070 autom
912 4020 1017 4071 Neoclis
1030 4035 1086 4070 esse
1099 4035 1175 4085 supra
1189 4035 1210 4085 p.
1225 4018 1284 4069 LIX
1297 4021 1399 4069 demon-

229 4089 376 4138 stravimus.
408 4104 487 4154 neque
500 4089 580 4149 igitur
593 4087 744 4150 dubitamus,
762 4089 820 4153 quin
835 4096 889 4138 tota
902 4088 1033 4153 Epitomes
1045 4103 1103 4154 pars
1116 4087 1160 4153 (ἕξ
1172 4087 1284 4150 53-61)
1296 4087 1399 4139 Neoclis

229 4158 273 4206 sit.
310 4172 370 4217 ergo
389 4157 537 4207 Alexander
556 4158 631 4206 etiam
650 4157 737 4206 verbis
755 4155 817 4221 §62
836 4157 956 4208 Neoclenr
975 4157 1140 4222 impugnavit.

298 4223 359 4290 ¹§§
379 4225 512 4277 rut—194
535 4225 625 4276 Neocli
649 4225 846 4288 adsignarimus,
869 4226 926 4290 qnia
949 4225 1054 4275 eundem
1076 4231 1214 4287 auctorem,
1237 4225 1279 4289 qui
1304 4224 1398 4274 similia

230 4295 259 4343 de
279 4295 422 4344 oeconomia
442 4293 662 4358 recapitulationis
682 4301 708 4344 et
725 4292 867 4344 adfectuum
885 4301 1017 4360 praecepta
1031 4291 1073 4359 (ἕξ
1088 4293 1230 4359 tlt-213,
1243 4293 1304 4356 239)
1322 4293 1400 4356 dedit,

229 4361 291 4411 illas
316 4377 412 4427 quoque
430 4361 464 4428 ξς
483 4362 620 4428 scripsisse
639 4369 665 4412 ct
683 4360 866 4426 Quintilianum
884 4363 988 4428 primam
1008 4377 1093 4412 earum
1112 4362 1205 4424 legisse
1225 4361 1280 4412 veri
1298 4361 1400 4412 similli-

229 4445 296 4480 mum
316 4437 355 4480 est
373 4429 416 4491 (el.
435 4431 642 4481 commentarium
660 4432 690 4480 ad
709 4429 806 4495 §192).
