3590 5262
718 433 934 499 „ffl-

241 609 322 672 vitati
352 609 439 672 noxia
474 631 537 674 csse
571 611 692 687 dicitur,
726 613 830 676 ceteris
863 613 1003 676 insertam
1027 622 1056 676 et
1082 613 1237 677 Alexandri
1264 616 1351 679 verba
1379 618 1410 680 in

242 713 365 776 Cornuti
387 715 495 777 librum
518 723 605 798 atque
627 717 695 779 inde
717 717 748 779 in
765 717 936 780 Geometras
955 720 1201 782 commentarium
1219 722 1410 803 transscripta

242 836 306 879 esse
328 837 502 899 persuasum
525 820 695 884 habemus.1

326 922 480 984 &amatre
507 934 623 1005 praeter
646 918 906 996 duodenidccoc
928 925 1111 1006 exemplum,
1141 928 1221 1007 quod
1243 928 1410 1010 corruptius

241 1023 361 1094 131512
383 1045 500 1106 quoque
522 1027 638 1108 legitur,
661 1027 787 1090 alterum
810 1027 941 1090 exbibet:

241 1125 279 1187 W
293 1127 320 1187 ll
335 1127 396 1188 232
413 1160 439 1198 20
461 1128 518 1191 xci
534 1126 553 1193 ὁ
568 1129 708 1214 ποιητής
722 1132 758 1209 (Υ
774 1132 847 1210 371)
870 1132 946 1194 ςτοῦ
961 1129 989 1194 d’
1002 1128 1064 1212 ἐμοὶ
1078 1126 1189 1206 ἆντέος
1202 1134 1284 1217 εἶμι,
1308 1131 1364 1195 καὶ
1380 1133 1411 1196 εἰ

283 1229 484 1315 πυρὶχεῖρας
490 1230 608 1311 ἔοικεν,
621 1235 652 1297 εἰ
659 1235 740 1318 πυρὶ
749 1245 860 1319 χεῖρας
873 1233 971 1311 ἔοικε,
978 1236 1074 1318 μένος
1083 1233 1111 1298 d’
1122 1237 1249 1299 αἴθωνι
1262 1232 1410 1320 σιέήρῳα

241 1331 328 1394 etiam
365 1334 422 1396 boc
455 1337 621 1418 exemplum
656 1339 810 1402 Geometra
842 1339 919 1420 apud
953 1338 1117 1400 Cornutum
1150 1339 1254 1419 legisse
1286 1339 1410 1402 ridetur.

240 1454 309 1497 nam
332 1436 427 1499 eidem
450 1457 553 1501 versus
575 1440 612 1502 ab
633 1440 797 1505 Alexandro
819 1444 992 1505 adseruntur
1015 1442 1164 1522 sp11120
1180 1442 1208 1512 ³¹
1233 1451 1262 1504 ct
1289 1463 1357 1505 eum
1379 1444 1410 1505 in

240 1548 302 1601 arte
325 1560 378 1603 sua
399 1542 454 1604 bos
473 1561 576 1606 versus
600 1562 656 1608 una
679 1565 746 1608 cum
762 1547 812 1608 illo
827 1547 890 1608 loco
907 1545 1133 1607 Demosthenico
1149 1545 1199 1625 (W
1214 1547 1240 1608 ll
1255 1546 1316 1608 232
1333 1573 1411 1618 10:

240 1642 319 1705 1315
335 1647 373 1722 ιο)
396 1645 530 1710 laudasse
552 1667 586 1708 eo
609 1648 788 1729 probabilius
812 1659 866 1718 est,
888 1649 966 1728 quod
989 1648 1035 1710 bis
1057 1649 1201 1730 exemplis
1225 1651 1283 1711 duc
1306 1667 1411 1729 genera

240 1746 403 1810 iterationis
418 1749 455 1811 ab
469 1751 633 1814 Alexandro
654 1752 790 1814 distincta
806 1754 860 1833 (Sp
874 1753 915 1814 lll
930 1753 970 1813 20
985 1760 1010 1831 5)
1025 1753 1237 1816 illustrantur.⁸
1270 1753 1302 1813 in
1321 1753 1410 1815 altero

241 1852 320 1913 euim
343 1852 430 1915 verba
452 1852 556 1916 iterata
579 1856 744 1927 cohaerent,
767 1856 799 1916 in
822 1856 913 1917 altero
936 1856 999 1918 aliis
1021 1856 1118 1918 verbis
1141 1857 1370 1936 distinguuntur.

327 1955 369 2016 lle
391 1975 447 2018 usu
477 1958 673 2039 tropicarum,
705 1961 739 2021 ad
763 1978 851 2039 quem
874 1959 1024 2039 Epitomes
1052 1959 1138 2021 verba
1162 1963 1179 2036 ᾖ
1199 1961 1240 2022 74
1268 1967 1409 2041 spectant,

240 2057 397 2120 Geometra
418 2060 490 2122 baec
512 2062 667 2143 praecipit:

239 2159 276 2220 W
290 2161 316 2221 ll
332 2161 421 2233 232,
443 2164 570 2247 τροπήν
592 2162 630 2227 δὲ
651 2155 728 2243 ου’χὶ
752 2164 867 2228 πᾶσαν
889 2161 1126 2248 (ἐκβάλλομεν),
1151 2161 1219 2227 ἀλλ’
1235 2159 1305 2244 ήτις
1320 2162 1411 2228 ἐστὶν

281 2260 507 2348 ἐπεξηγήσεως
534 2265 672 2350 δεομένη
703 2262 746 2341 οῖς
771 2267 809 2330 τὸ
840 2268 935 2346 (Deru.
960 2268 978 2329 3
1001 2273 1018 2344 ξ
1040 2268 1093 2346 31)
1116 2267 1410 2350 (ἐκνενευρισμένοι

281 2370 516 2451 περιηρημένοι
543 2367 706 2454 χρήματα,
735 2367 949 2453 συμμάχους>.
1005 2364 1233 2455 έπεξηγήσεως
1256 2371 1408 2455 δεομένη,

280 2463 351 2552 ήτις
378 2468 503 2555 σκληροὶ
528 2495 564 2535 τε
590 2472 646 2535 καὶ
674 2469 859 2557 ἀσυνήθης,
889 2469 932 2547 ὦς
960 2467 1018 2557 η”γε
1041 2471 1189 2558 συνήθης
1212 2473 1286 2554 [καὶ]
1309 2497 1410 2558 μετα-

280 2573 399 2658 φορική
422 2573 549 2660 μᾶλλον
575 2571 744 2660 έπιτέμνει
768 2576 824 2639 καὶ
846 2576 890 2640 δι’
913 2573 1035 2656 ὀλίγων
1056 2577 1167 2642 πολλοὶ
1188 2580 1408 2662 περιΐστησιν.

279 2673 300 2741 ὅ
325 2679 405 2756 γοῦν
429 2682 652 2764 Δημοσθένης
679 2679 784 2744 εἰπών
811 2680 843 2762 (2
865 2685 882 2757 ξ
900 2682 932 2762 9)
954 2681 1071 2764 <μιιιρὰ
1097 2682 1270 2766 πρόφασις
1292 2683 1347 2744 καὶ
1369 2681 1408 2744 τὸ

279 2780 397 2865 μικρὸν
425 2793 579 2866 πταῖσμα
606 2778 738 2847 ἅπαντα
769 2779 982 2865 ἀνεχαίτισε,
1017 2785 1076 2849 διὰ
1104 2787 1183 2870 μιᾶς
1209 2782 1325 2860 λέξεως
1354 2781 1409 2848 καὶ

279 2885 394 2951 πᾶσαν
415 2882 496 2970 ήμῖν
517 2886 577 2971 τήν
599 2886 795 2972 παραβολήν
817 2891 1013 2973 παρέστησε.

238 2987 306 3049 licet
339 2990 494 3054 Geometra
527 2991 650 3054 Cornuti
683 2993 763 3054 Artis
797 2993 883 3054 verba
920 2992 1034 3054 auxerit
1067 2990 1299 3070 dilataveritque,
1338 3011 1406 3053 eum

237 3091 364 3171 priorem
387 3097 534 3176 praecepti
555 3103 684 3176 partem,
718 3115 792 3175 quae
822 3096 976 3177 Epitomae
997 3096 1094 3171 deest,
1127 3113 1251 3157 novasse
1273 3095 1408 3156 credibile

237 3213 297 3255 non
319 3205 372 3257 est.
417 3215 485 3259 narn
509 3208 697 3280 praeceptum
713 3218 748 3260 eo
769 3200 843 3275 loco,
866 3219 926 3279 quo
948 3201 1025 3280 apud
1042 3200 1205 3262 Cornutum
1229 3198 1259 3260 id
1274 3197 1405 3278 positum

238 3299 329 3359 luisse
351 3299 486 3380 Epitome
509 3303 602 3377 docet,
625 3302 704 3364 inter
726 3302 833 3364 seriem
855 3303 1016 3382 figurarum
1040 3303 1176 3365 brevitati
1198 3302 1353 3364 noxiarum
1378 3312 1408 3362 et

237 3401 344 3463 scriem
367 3403 495 3479 utilium,
518 3405 706 3486 aptissimum
729 3415 804 3482 erat,
828 3406 854 3468 si
875 3406 930 3468 alia
955 3405 1065 3485 tropica
1087 3405 1174 3468 vitari
1196 3406 1251 3468 alia
1274 3405 1407 3466 adhiberi

304 3639 422 3692 lUtrum
440 3641 585 3693 Alexander
606 3643 661 3710 ipse
684 3644 709 3694 in
733 3651 790 3694 arte
812 3659 858 3694 sua
880 3659 969 3695 nomen
991 3642 1021 3696 ἐκ
1042 3637 1215 3714 παραλλήλου
1233 3643 1406 3710 usurpaverit,

236 3725 268 3760 an
286 3708 422 3760 Geometra
444 3711 492 3760 boc
514 3711 541 3762 in
564 3712 646 3763 locum
668 3714 839 3781 συνωνυμίας
857 3713 1020 3763 substituerit
1038 3713 1131 3763 nescio.
1169 3713 1193 3762 in
1212 3728 1241 3763 eo
1260 3713 1324 3778 quod
1344 3712 1407 3762 Cor-

236 3785 312 3828 nutus
335 3779 540 3845 breviloquentes
563 3787 589 3830 et
611 3782 759 3850 synonymis
781 3782 819 3832 nti
838 3782 951 3832 vetuerit
969 3788 995 3831 et
1013 3781 1119 3845 liguram
1138 3783 1303 3849 synonymiae
1322 3780 1406 3831 vitare

235 3847 351 3911 insenuit,
371 3847 544 3898 offendendum
562 3864 610 3898 non
630 3857 677 3914 est,
695 3850 811 3916 quoniam
830 3851 891 3899 baec
906 3856 1039 3915 praccepta
1052 3865 1065 3899 e
1078 3850 1190 3902 diversis
1203 3850 1278 3901 libris
1290 3850 1405 3914 sumpsit.

235 3915 268 3966 cf.
286 3915 496 3981 Harpocrationie
514 3933 606 3984 praece
626 3927 676 3970 tum
694 3919 715 3968 ll
737 3919 766 3969 18
781 3937 793 3972 ι
812 3925 839 3969 et
855 3917 961 3969 Neoclis
979 3919 1000 3968 E
1022 3919 1051 3970 l'l
1067 3935 1088 3971 ι.

303 3983 313 4016 ²
331 3985 476 4066 llxemplum
488 3987 712 4105 naperppooacucll
729 3987 758 4068 15
771 4003 797 4040 14
808 4011 842 4028 =
855 3987 889 4038 W
902 3985 986 4037 11232
1000 4003 1013 4042 5
1024 3987 1105 4053 ipsum
1117 4002 1213 4053 quoque
1226 3986 1252 4036 in
1265 3985 1406 4036 Alexandri

235 4054 265 4102 de
284 4052 515 4173 figulrdsAllle'AadAi
535 4053 856 4187 gebggprpppppartprpnihss
875 4123 925 4172 nisi
943 4121 1068 4188 epitomen
1088 4124 1143 4173 eina
1162 4121 1227 4173 iarri
1244 4121 1406 4174 Steusloiiius

235 4189 421 4242 demonstravit
445 4191 541 4254 Quibus
563 4192 593 4243 de
614 4195 700 4243 οτυείι
721 4191 868 4243 Alexandri
889 4189 1013 4242 Numenii
1033 4195 1078 4242 etc,
1113 4192 1180 4242 Dies.
1198 4191 1307 4242 Vratisl.
1329 4191 1405 4254 1861)

233 4253 406 4327 ἐπανάληψις
423 4259 456 4326 Sp
473 4259 507 4310 ΠΙ
526 4262 557 4312 19
569 4277 595 4314 eo
613 4268 639 4312 et
661 4255 846 4316 ἆναδίπλωσις
862 4259 897 4325 Sp
913 4258 946 4309 lll
962 4259 1023 4315 29⁵
1040 4259 1240 4325 distinguuntur,
1264 4259 1309 4310 sed
1326 4260 1406 4310 verba

234 4328 366 4394 utriusque
389 4329 441 4379 loci
464 4329 501 4380 ita
519 4329 625 4380 coniusa
643 4337 709 4391 sunt,
732 4338 760 4380 nt
779 4329 836 4395 quid
855 4329 922 4378 inter
938 4329 984 4378 bas
1003 4328 1097 4393 ligures
1115 4328 1218 4379 differat
1235 4344 1284 4378 non
1303 4328 1405 4378 intelle-

234 4404 316 4458 gatur.
352 4398 377 4447 in
402 4404 459 4447 arte
477 4413 523 4448 sua
540 4399 685 4449 Alexander
704 4405 731 4448 ut
749 4398 913 4448 Phoebammo
932 4397 964 4462 Sp
978 4395 1010 4446 ΠΙ
1027 4399 1060 4448 46
1072 4414 1098 4452 ro
1116 4398 1252 4463 quamlibet
1269 4397 1405 4448 verborum

234 4465 398 4516 iterationem
416 4467 515 4517 nomine
534 4459 747 4524 ἀνασταλέσεως
765 4466 923 4530 significasse
941 4467 1053 4517 videtur.

1210 4549 1245 4604 d*
