3590 5262
802 471 840 480 -
888 433 1024 500 XXXVI
1072 473 1111 481 —

376 611 455 672 done
488 620 642 691 praecepta
657 645 659 650 .
676 611 706 672 in
728 611 863 691 Epitoma
896 613 1039 692 excerptis
1071 610 1193 674 secundi
1226 613 1261 673 de
1282 611 1449 673 inventione
1471 613 1544 674 tomi

375 714 596 787 continuantur,
630 714 786 776 Alexandri
818 715 854 776 dc
887 715 1163 794 argumentationis,
1197 714 1459 795 recapitulationis,
1492 717 1545 777 ad·

374 821 504 879 lectuum
528 818 690 900 elocutione
712 827 866 898 praecepta
888 819 938 895 (ἐς
956 818 1025 892 196,
1046 817 1118 892 221,
1135 818 1228 899 2381)
1251 817 1392 897 excerptis
1421 836 1543 880 suorum

375 920 410 982 de
443 921 610 982 inventione
645 931 792 983 tomorum
825 920 1002 1000 adglutinata
1033 931 1110 983 sunt.
1155 921 1185 982 in
1209 922 1330 983 Cornuti
1355 929 1452 983 autem
1475 924 1544 984 Arte

374 1025 446 1085 haec
467 1023 565 1086 omnia
582 1024 631 1085 illo
647 1023 723 1104 περὶ
739 1021 855 1097 λέξεως
871 1035 951 1087 tomo
967 1026 1177 1105 comprehensa
1192 1024 1283 1086 luisse
1298 1025 1441 1105 excerptis
1457 1025 1544 1087 buius

375 1128 448 1189 tomi
459 1127 676 1207 comprobatur,
685 1127 974 1208 quae§§240·-253
987 1129 1133 1208 leguntur.
1150 1127 1278 1207 primum
1291 1127 1423 1189 breviora
1435 1129 1471 1190 de
1482 1131 1542 1190 elo-

374 1230 491 1291 cutione
503 1241 642 1310 quattuor
657 1231 797 1293 orationis
812 1233 938 1311 partium
956 1241 1108 1312 praecepta
1123 1232 1304 1303 adferuntur,
1328 1241 1391 1292 tum
1413 1232 1544 1310 longiora

376 1333 1544 1416 detriumpartiumelocutioucpraeceplallarpocraticnis‚deniquequaelliony-

377 1437 440 1498 sius
452 1437 481 1497 in
496 1437 596 1517 Lysiae
609 1437 714 1498 iudicio
728 1438 762 1497 de
773 1438 937 1500 elocutione
949 1438 1080 1499 omnium
1093 1437 1219 1517 partiunt
1233 1438 1461 1518 praescripserit.
1477 1439 1542 1500 bre·

377 1539 489 1601 riorum
504 1540 619 1601 illorum
632 1552 851 1621 praeceptorum
865 1542 993 1621 primum
1010 1545 1040 1616 (ς
1051 1540 1124 1611 2411)
1138 1559 1175 1600 ex
1185 1540 1338 1600 Alexandri
1354 1542 1390 1601 de
1403 1543 1545 1621 prooemii

376 1642 541 1703 elocutione
564 1643 668 1716 verbis,
690 1663 765 1722 quae
788 1645 833 1706 tls
855 1646 983 1725 pleniora
1006 1645 1036 1705 in
1059 1643 1181 1705 Cornuti
1202 1644 1272 1703 Arte
1293 1643 1363 1721 legit
1385 1647 1432 1719 (cl.
1455 1644 1545 1705 WVll

376 1745 417 1806 52
433 1779 463 1820 o,
482 1746 502 1806 V
518 1745 580 1808 382
595 1745 629 1824 7),
653 1747 814 1808 secundum
839 1752 868 1823 (ξ
884 1747 957 1820 241)
980 1766 1016 1808 ex
1030 1746 1184 1807 Alexandri
1202 1746 1237 1806 de
1252 1745 1427 1807 narrationis
1443 1747 1542 1808 elocu-

376 1848 455 1909 tione
471 1848 566 1910 verbis
589 1861 758 1930 excerptum
782 1860 835 1923 cst,
859 1871 933 1931 quae
955 1851 984 1911 in
1004 1851 1137 1930 Epitoma
1160 1849 1222 1930 ipsa
1245 1849 1366 1928 (§136)
1388 1849 1544 1928 integriora

376 1951 572 2031 reperiuntur.
617 1951 765 2014 Cornutus
787 1953 850 2034 ipse
872 1964 902 2015 et
915 1955 1070 2015 Alexandri
1092 1964 1244 2034 praecepta
1268 1961 1327 2012 tota
1350 1953 1493 2032 recepisse
1515 1962 1545 2014 et

376 2055 431 2117 alio
454 2055 518 2116 loco
541 2054 680 2115 vilissima
702 2074 804 2116 eorum
828 2068 962 2137 excerpta
984 2058 1089 2118 fecisse
1111 2057 1273 2118 credendus
1289 2073 1347 2115 non
1364 2064 1417 2116 est.
1449 2055 1543 2136 epito-

375 2168 589 2222 maturantem
616 2156 704 2217 simili
727 2159 838 2218 ratione
860 2160 937 2220 aliud
956 2160 1079 2221 Cornuti
1093 2160 1172 2221 Artis
1195 2167 1381 2239 praeceptum
1405 2167 1543 2220 tractasse

375 2260 612 2341 deprehenditur.
665 2280 698 2321 ea
721 2261 810 2332 enim,
844 2281 917 2340 quae
951 2263 981 2322 in
1003 2263 1073 2323 Arte
1107 2263 1142 2323 de
1165 2261 1327 2323 dill'crentia
1349 2261 1492 2341 prooemii
1515 2272 1545 2323 et

376 2364 481 2444 epilogi
509 2365 585 2424 dicta
615 2375 708 2433 erant,
738 2364 818 2439 E§§
836 2365 883 2436 19,
900 2364 940 2426 20
971 2370 1030 2426 lere
1052 2366 1087 2426 ad
1111 2365 1230 2426 verbum
1256 2365 1400 2443 descripta
1423 2374 1544 2425 suntet

375 2466 469 2542 §237
491 2485 582 2546 pauca
605 2485 639 2527 ex
662 2466 771 2527 eisdem
795 2467 886 2528 electa
909 2469 1112 2547 repetuntur².
1167 2469 1264 2547 itaque
1292 2468 1455 2529 Cornutum
1484 2486 1542 2528 uno

377 2581 489 2631 tantum
524 2569 588 2631 loco
620 2569 732 2648 integra
755 2570 908 2631 Alexandri
944 2573 979 2634 de
1012 2572 1176 2634 elocutione
1202 2583 1352 2653 praecepta
1376 2570 1543 2632 exhibuisse

375 2673 436 2733 veri
463 2673 644 2734 simillimum
673 2682 726 2733 est.
780 2692 854 2752 quae
882 2674 913 2734 in
940 2685 1021 2736 tomo
1043 2675 1121 2757 accpi
1144 2672 1259 2747 λέξεως
1281 2695 1297 2735 a
1319 2673 1448 2735 Cornuto
1471 2692 1543 2734 con-

376 2775 474 2836 iuncta
503 2794 567 2836 esse
594 2775 677 2836 nobis
699 2778 909 2856 persuasimus
933 2779 999 2857 quia
1022 2786 1052 2838 et
1079 2778 1149 2838 baec
1176 2778 1264 2840 tomis
1287 2778 1365 2858 περὶ
1388 2772 1543 2857 εὑρέσεως

376 2878 526 2958 inscriptis
549 2878 661 2957 aspergi
684 2879 783 2940 minus
804 2892 905 2960 aptum
934 2890 996 2941 erat
1022 2900 1117 2960 neque
1140 2881 1216 2941 inter
1239 2888 1373 2961 excerpta
1394 2879 1483 2960 primi
1505 2879 1541 2939 de

375 2981 543 3043 inventione
567 2983 648 3054 tomi,
671 3002 745 3061 quae
766 2983 790 3043 E
810 2987 845 3058 ἐξ
865 2983 965 3045 1-39
988 2985 1186 3056 continentur,
1210 2983 1364 3044 Alexandri
1386 2971 1543 3044 oc‘elocu-

377 3085 456 3146 tione
477 3094 629 3166 praccepta
654 3086 853 3147 inveniuntur.
898 3096 999 3147 contra
1021 3087 1052 3147 in
1075 3087 1218 3167 excerptis
1241 3086 1363 3148 Cornuti
1385 3086 1421 3147 de
1443 3087 1541 3147 elocu-

378 3187 456 3249 tione
479 3188 550 3249 tomi
572 3190 711 3269 reliquiae
733 3190 866 3251 omnium
888 3200 1121 3269 praeceptorum,
1144 3209 1218 3269 quae
1239 3190 1401 3251 Alexander
1422 3188 1457 3249 dc
1481 3187 1542 3248 clo-

376 3290 493 3352 cutione
516 3292 603 3364 dedit,
626 3304 735 3355 extant.
779 3296 815 3367 ἐξ
831 3292 902 3366 240,
918 3292 977 3352 241
1002 3304 1135 3373 excerpta
1151 3293 1305 3355 Alexandri
1320 3302 1541 3372 praeceptorum

376 3412 440 3455 esse
463 3395 629 3457 statuimus.
659 3396 754 3456 verbis
776 3394 870 3470 §243
893 3407 1079 3476 praeceptum
1097 3396 1268 3457 Alexandri³
1292 3396 1412 3457 subesse
1434 3391 1542 3454 Nicolai

377 3509 511 3578 excerpto
542 3498 664 3561 Cornuti
691 3499 767 3560 Artis
797 3499 837 3579 Sp
854 3498 893 3559 111
912 3501 1001 3570 4775
1028 3500 1227 3561 confirmatur.
1276 3501 1353 3562 unde
1379 3499 1443 3559 iure
1470 3514 1542 3558 con-

377 3600 506 3662 cluditur
527 3602 622 3676 §242
645 3612 674 3664 et
695 3607 713 3677 §
731 3602 790 3664 196
818 3621 852 3662 ex
879 3622 938 3664 uno
965 3613 994 3664 et
1021 3604 1122 3665 codem
1146 3603 1299 3666 Alexandri
1325 3605 1360 3665 de
1382 3617 1542 3680 argumen-

444 3877 454 3909 ¹
473 3877 534 3928 Solo
553 3886 686 3945 praecepta
704 3878 736 3944 ἓξ
752 3880 807 3941 136,
821 3880 867 3930 221
883 3879 1023 3929 Alexandri
1037 3893 1124 3928 nornen
1139 3895 1198 3944 prae
1210 3894 1237 3929 se
1250 3877 1343 3938 lerunt,
1362 3878 1442 3929 eidem
1456 3881 1541 3926 cetera

376 3952 511 4011 praccepta
530 3957 674 3998 enumerata
692 3957 718 3998 et
736 3957 870 4013 praecepta
888 3949 1042 4012 prooemium
1060 3949 1201 4010 spectantia
1216 3947 1248 3997 W
1263 3946 1306 3999 Vll
1325 3948 1403 4006 5211,
1421 3944 1506 3997 vest
1520 3960 1541 4006 τ,

377 4021 403 4063 et
426 4023 557 4079 praecepta
584 4017 707 4081 epilogum
730 4017 872 4082 spectantia
894 4017 959 4081 apud
976 4016 1110 4067 Nicolaum
1128 4015 1203 4082 Slel
1222 4017 1269 4066 471
1285 4034 1298 4071 a
1316 4012 1467 4067 vindicanda
1485 4028 1541 4064 esso

379 4083 493 4133 omnibus
513 4085 581 4134 iuter
599 4099 627 4134 se
645 4085 798 4150 comparatis
817 4085 978 4148 conspicuum
998 4091 1045 4135 est.

444 4151 541 4201 ¹luter
564 4154 625 4203 haec
643 4153 691 4202 duo
711 4162 844 4218 praecepta
862 4161 929 4214 sunt,
952 4168 1013 4218 quae
1031 4153 1182 4218 epitomator
1201 4153 1286 4218 priore
1304 4151 1359 4201 loco
1379 4149 1472 4212 omisit,
1495 4150 1541 4200 sol.

376 4226 405 4268 nt
422 4220 545 4284 prooemii
564 4221 674 4271 elocutio
692 4215 762 4284 ἠπία
781 4223 815 4272 sit
834 4228 861 4273 et
878 4229 905 4270 ot
924 4221 948 4270 iu
963 4221 1090 4286 prooemio
1104 4219 1217 4270 adlectus
1231 4220 1384 4284 excitentur,
1403 4220 1428 4268 in
1442 4218 1540 4284 epilogo

377 4291 482 4337 excitati
509 4297 656 4350 augeantur.
692 4297 824 4355 utrumqne
851 4297 1009 4354 praeceptum
1034 4289 1110 4340 etiam
1132 4288 1276 4339 Marcellini
1299 4288 1373 4338 Artis
1396 4294 1542 4352 excerptum

377 4353 410 4405 W
423 4354 457 4405 lV
476 4356 525 4406 428
541 4376 551 4408 a
571 4357 682 4408 exbibet.

444 4422 455 4455 ³
473 4425 533 4474 Corn
550 4426 598 4474 hoc
616 4433 759 4490 praecepto,
778 4441 825 4491 quo
844 4424 984 4489 generatim
1003 4425 1032 4475 de
1052 4425 1146 4491 epilogi
1165 4425 1309 4475 elocutione
1327 4424 1419 4488 agitur,
1438 4437 1541 4488 eaquae

377 4491 523 4543 Alexander
545 4493 694 4560 specialiter
713 4494 743 4544 de
761 4493 982 4561 recapitulationis
1002 4501 1028 4544 et
1045 4493 1186 4544 adfectuum
1205 4493 1349 4544 elocutione
1366 4491 1542 4558 praescripsit,

376 4568 446 4611 arcte
465 4561 608 4613 cohaesisse
625 4561 756 4627 probabile
774 4570 822 4613 est.
857 4560 890 4612 cl.
903 4560 970 4613 inire
983 4562 1172 4614 restitutionem
1184 4562 1256 4613 Artis
1269 4561 1299 4611 tle
1311 4560 1457 4612 elocutione
1469 4558 1540 4609 tomi.
