3586 5260
872 433 1087 496 -χρ-

386 607 431 671 ,αἱ
462 613 660 672 κατασκευαὶ
691 606 848 693 διάφοροί
879 609 958 684 εἰσι,
989 604 1114 671 πολλά·
1143 607 1180 671 τὸ
1208 605 1270 689 γάρ
1294 603 1563 687 ὁλοσχερέστερον

395 712 430 777 ε’ν
443 723 514 788 τοίς
529 711 587 775 έπί
603 715 719 795 μέρους
735 707 804 775 ε’στί
821 711 1015 797 κυριώτερον
1031 712 1085 774 καί
1102 709 1333 794 δυνατώτερον.
1372 711 1421 773 39.
1437 707 1564 793 μᾶλλον

396 810 453 879 οὖν
474 812 621 898 λέγομεν,
646 818 760 900 φησίν,
785 809 836 878 ὅτι
860 819 893 879 δν
916 815 985 878 ἐστι
1002 819 1193 898 προοίμιον,
1217 814 1292 879 ἐπεὶ
1313 805 1349 876 αλ
1365 810 1463 876 αὐταὶ
1478 807 1565 876 ὑπο-

395 916 514 1002 λήψεις
537 920 636 981 εἰσίν·
660 915 698 982 οά
713 917 775 1002 γάρ
791 915 909 1002 ἐπειδή
930 916 1053 982 πολλαί
1070 920 1135 982 τῶν
1149 913 1351 1003 ὑπολήψεων
1366 919 1564 998 θεραπεῖαι,

396 1019 504 1084 πολλὰ
528 1019 679 1106 ζητητέον
694 1025 870 1105 προοίμια,
893 1018 978 1084 ἀλλά
996 1020 1124 1103 μᾶλλον
1138 1020 1256 1107 ἐπειδή
1272 1019 1461 1105 ὑπολήψεις
1477 1019 1565 1083 εἰσὶν
1584 1023 1600 1077 5

395 1121 431 1186 αῖ
454 1120 564 1199 αάταί,
589 1126 624 1187 ἓν
646 1126 731 1186 εἰναι
755 1127 936 1208 προοίμιον
957 1128 1141 1207 νομιστέον.

488 1228 600 1290 Ταῦτα
622 1226 698 1307 περὶ
723 1232 920 1311 προοιμίων.

479 1332 529 1393 40.
555 1331 637 1411 Ιλερί
660 1326 697 1392 δὲ
718 1331 774 1413 τής
796 1324 981 1415 διηγήσεως
995 1332 1140 1395 τοσαῦτα
1156 1331 1266 1395 εἰπεῖν
1281 1328 1410 1412 ἔχομεν,
1434 1329 1566 1410 πρῶτον

395 1432 501 1498 έκεῖνο
533 1429 695 1508 εἰπόντες,
724 1427 776 1497 ὅτι
806 1431 924 1518 ἐπειδή
952 1429 1114 1508 πολλάκις
1143 1432 1299 1518 δυσχερής
1326 1429 1406 1517 ἡμῖν
1428 1429 1446 1495 ὁ
1469 1429 1566 1509 λόγος

394 1540 521 1615 γίνεται
544 1534 661 1598 διὰτὸ
684 1534 766 1618 πρὸς
790 1537 931 1610 οἰκείους
956 1535 1033 1622 (τήν
1048 1533 1162 1621 δίκην)
1180 1535 1279 1616 ἔχειν,
1302 1535 1362 1620 χρή
1377 1535 1435 1620 τήν
1451 1536 1563 1598 αἰτίαν
1585 1543 1617 1594 10

395 1637 519 1710 τούτων
542 1641 589 1712 εἰς
610 1637 686 1712 τούς
708 1635 895 1714 ἀντιδίκους
917 1636 1084 1722 μετάγειν,
1107 1638 1148 1701 τὰ
1170 1638 1287 1723 πλήθη
1311 1635 1563 1712 ἐπιδεικνύντας

394 1744 458 1808 τῶν
481 1740 693 1826 ἀδικημάτων
709 1734 753 1806 τόν
772 1740 934 1826 μέλλομεν
948 1739 1091 1822 πάσχειν
1105 1741 1148 1827 μή
1165 1738 1368 1817 ἀποστάντες
1382 1741 1440 1825 τήν
1456 1741 1562 1826 δίκην,

395 1844 414 1930 ή
443 1841 494 1910 ὅτι
524 1846 579 1908 καί
611 1842 644 1908 οῖ
672 1843 769 1928 νόμοι
800 1847 896 1910 τοῦτο
923 1856 1036 1910 ποιεῖν
1059 1843 1357 1929 συγκεχωρήκασιν·
1382 1840 1483 1919 οὕτως
1505 1842 1565 1928 γὰρ

396 1945 531 2032 ήγοῧντό
553 1969 645 2022 τινας
668 1941 805 2024 ἀδίκους
828 1948 969 2012 ἔσεσθαι
994 1949 1071 2030 περὶ
1093 1949 1170 2022 τοὺς
1185 1951 1335 2023 οἰκείους.
1374 1951 1425 2010 41.
1448 1946 1505 2012 έάν
1528 1941 1566 2010 δὲ
1587 1953 1620 2006 14

395 2051 494 2140 δοκής
523 2049 650 2114 ἄπιστα
677 2051 794 2129 λέγειν,
826 2055 881 2115 καί
911 2049 991 2116 αάτό
1013 2053 1110 2116 τοῦτο
1134 2051 1357 2136 έπισημαίνου
1384 2052 1439 2115 καὶ
1463 2051 1563 2129 ἐπαγ·
1586 2057 1639 2112 434

394 2151 510 2232 γέλλου
538 2153 672 2230 δείξειν,
706 2149 757 2217 ὅτι
786 2151 897 2240 ἀληθῆ
927 2155 1044 2235 λέγεις,
1074 2152 1116 2230 τός
1139 2152 1156 2220 ὁ
1182 2159 1401 2240 Δημοσθένης
1423 2156 1477 2237 (23
1500 2157 1566 2236 Mi)

308 2293 377 2335 psol,
395 2255 463 2322 ‘viix
486 2253 594 2336 ἀγνοῶ
616 2258 676 2341 μὲν
699 2253 757 2322 οὖν
780 2255 830 2322 ὅτι
853 2259 910 2322 τὸν
926 2258 1139 2343 Χαρίδημον.
1174 2261 1224 2321 42.
1249 2258 1306 2323 έάν
1322 2258 1359 2322 δέ
1374 2259 1419 2343 τῷ
1434 2258 1564 2336 λέγεινΙ

309 2359 481 2443 121τδπὲρ
508 2359 619 2444 ἑτέρου
647 2360 853 2450 διαβληθής,
883 2362 956 2441 λέγε
985 2361 1004 2447 ή
1034 2358 1085 2426 ὅτι
1108 2362 1218 2448 φίλος,
1242 2360 1262 2447 ἢ
1286 2359 1336 2425 ὅτι
1363 2357 1567 2445 ἕπιτικής,ή

396 2460 446 2527 ὅτι
472 2461 616 2547 ἰδιώτης,
640 2462 659 2548 ή
683 2459 734 2528 ὅτι
758 2463 910 2542 ἐλεεινός,
935 2463 955 2550 ή
978 2463 1029 2529 ότι
1052 2467 1107 2530 σοὶ
1129 2463 1269 2551 κάκείνω
1292 2463 1401 2539 κοινός
1428 2457 1566 2542 όάγαίν,

395 2564 415 2651 ή
443 2563 494 2629 ὅτι
522 2569 682 2651 συμφέρει
710 2569 749 2658 τῇ
779 2568 886 2649 πόλει,
918 2568 937 2655 ή
966 2571 1021 2633 καί
1052 2568 1089 2653 νή
1120 2573 1188 2633 Δία
1213 2569 1255 2632 τά
1282 2565 1423 2633 πλείονα
1444 2565 1568 2631 τούτων
1587 2574 1622 2628 λδ

396 2665 474 2754 ἅμα.
522 2670 573 2732 43.
596 2669 757 2755 χρήσιμον
778 2673 815 2736 δὲ
837 2674 893 2736 καί
916 2672 953 2738 τό
976 2677 1000 2754 †
1022 2677 1097 2738 νέον
1120 2675 1167 2747 εἰς
1190 2671 1369 2736 παίδευσιν
1389 2668 1567 2755 ἀναφέρειν

464 2849 478 2898 3
491 2847 610 2916 λέγωμεν
621 2846 642 2898 R
671 2850 684 2898 7
695 2856 752 2914 post
760 2852 917 2915 προοιμίων
928 2849 1052 2900 secundus
1063 2849 1152 2914 eapitis
1162 2848 1239 2899 index
1248 2851 1342 2898 ΠΕΡΙ
1348 2845 1572 2897 ΔΙΗῙῊΣἘΩΝ

396 2915 455 2967 inP
474 2923 546 2966 extat
600 2919 631 2967 10
649 2915 750 2983 έχεινΡ
768 2919 852 2984 λέγειν
864 2917 906 2983 Sp,
925 2915 993 2969 εἰναι
1007 2917 1062 2968 Wil
1117 2917 1148 2968 14
1166 2933 1243 2973 τινας
1259 2914 1335 2971 δίκας
1354 2913 1392 2966 έσ.
1412 2915 1474 2984 περὶ
1492 2913 1510 2963 Ρ
1529 2929 1567 2963 em

396 2984 461 3048 Wil,
485 3000 556 3042 τινες
572 2983 649 3042 δίκας
666 2986 705 3038 ἔσ.
724 2984 793 3052 πρὸς
811 2987 860 3047 Seg
913 2986 944 3035 22
963 2978 1104 3055 χρήσιμον
1124 2984 1153 3037 δὲ
1170 2981 1215 3036 διὰ
1232 2980 1261 3034 τὸ
1280 2985 1341 3036 νέον
1359 2981 1430 3034 εἰναι
1448 2985 1484 3038 εἰς
1503 2985 1568 3032 παί-

395 3052 488 3104 δευοιν
514 3049 662 3123 ἀναφέρειν
686 3047 703 3118 ἢ
724 3058 833 3122 γένεσιν
855 3056 912 3115 Sea,
936 3049 1004 3122 ἅμα.
1020 3051 1069 3107 έάν
1092 3053 1122 3106 δὲ
1145 3053 1189 3105 διὰ
1213 3051 1243 3103 τὸ
1267 3055 1325 3109 νέος
1348 3049 1418 3104 εἰναι
1436 3051 1492 3116 (sel.
1511 3050 1568 3102 δια·

393 3120 513 3192 βληθής),
532 3124 569 3177 εἰς
587 3122 734 3174 παίδευσιν
752 3117 872 3193 ἀνάφερε
889 3119 905 3189 ἢ
922 3127 1029 3191 γένεσιν
1044 3121 1068 3174 Ii

1146 3189 1156 3217 ἰ

460 3284 493 3351 ἕξ
512 3286 613 3336 40-48
631 3283 744 3336 Neoclis.
780 3283 846 3350 §40
870 3279 954 3351 πρὸς
976 3285 1124 3340 οἰκείους
1147 3281 1199 3335 κτὲ
1218 3283 1299 3332 Anax,
1318 3280 1374 3360 sp)
1392 3282 1441 3333 230
1457 3299 1469 3336 ε
1486 3283 1516 3333 αἰ
1537 3273 1568 3334 δὲ

393 3353 539 3418 (διαβολαί)
562 3354 624 3423 περὶ
647 3349 676 3404 τὸ
698 3354 814 3423 πρᾶγμα
837 3356 1046 3420 σνμβαίνουσαι,
1068 3343 1117 3406 έάν
1137 3369 1177 3410 τις
1198 3367 1422 3419 πραγματευηται
1440 3349 1511 3420 πρὸς
1528 3351 1567 3402 οἰ-

392 3427 481 3478 κείους
507 3423 604 3490 φίλους
629 3416 646 3487 ἢ
673 3423 763 3480 ξένους
789 3415 805 3485 ἢ
834 3420 930 3478 arteve·
967 3422 1054 3476 2311ω
1080 3417 1128 3478 τὰς
1152 3419 1182 3473 δὲ
1207 3421 1271 3488 περὶ
1294 3416 1323 3470 τὸ
1348 3418 1463 3487 πράγμα
1487 3415 1568 3475 οὕτως

393 3481 576 3557 ἀπωσόμεθα,
603 3488 653 3554 τὴν
676 3491 769 3542 αἰτίαν
786 3493 823 3547 εἰς
840 3485 888 3543 τὸν
906 3489 1028 3542 ἐναντίον
1046 3491 1196 3560 τρέποντες.
1234 3489 1307 3538 Dion.
1327 3489 1356 3538 δε
1375 3489 1434 3555 Lys.
1451 3488 1471 3534 V
1490 3491 1566 3542 5⁰0⁵

394 3554 513 3615 ἅπαντες
531 3597 551 3610 ..
570 3559 807 3626 παραγγέλλουσιν
826 3560 853 3609 οἱ
866 3549 1061 3626 συνταξάμενοι
1073 3555 1121 3614 τάς
1133 3559 1236 3624 τέχνας,
1257 3551 1322 3606 ὅταν
1335 3547 1352 3625 ή
1364 3552 1436 3626 πρὸς
1449 3557 1566 3612 οἰκείους

393 3624 408 3679 ὁ
433 3623 514 3695 ἀγών,
537 3630 658 3688 σκοπεῖν,
682 3624 757 3682 ὅπως
776 3624 815 3694 μή
834 3628 988 3692 πονηροὶ..
1009 3626 1035 3675 οί
1053 3623 1199 3694 κατήγοροι
1217 3617 1394 3690 φανήσονται.
1429 3616 1569 3676 κελεύουσί

393 3713 419 3749 τε
437 3697 549 3762 πρῶτον
564 3695 615 3775 μὲν
633 3693 679 3761 τὴν
696 3697 789 3747 αἰτίαν
807 3697 845 3750 εἰς
860 3691 921 3749 τοὺς
935 3691 1088 3750 ἀντιδίκους
1101 3690 1272 3763 περιιστάναι
1284 3695 1331 3744 καὶ
1343 3695 1390 3745 τοῦ
1401 3686 1567 3762 ἐγκλήματος

393 3763 502 3816 καὶτοῦ
520 3761 631 3831 ἀγωνος.
664 3759 747 3831 ἢὸτι
771 3762 825 3815 κτὲ
843 3766 889 3813 hoc
908 3762 977 3812 τυοδο
997 3764 1190 3828 interpretanda
1208 3770 1278 3815 sunt:
1305 3763 1566 3826 1οροεοοε1οαίίεοί

393 3836 424 3885 οδ
447 3835 627 3898 accusandum
656 3833 839 3898 praevidebant
861 3833 927 3883 enim
951 3847 997 3880 non
1022 3831 1108 3882 defore
1131 3833 1174 3897 qui
1196 3841 1245 3882 tam
1270 3831 1362 3882 iniusti
1385 3839 1471 3882 essent
1494 3846 1565 3896 quam

394 3902 535 3954 necessarii
555 3903 603 3952 inei
622 3909 690 3952 sunt.
726 3903 741 3966 ξ
760 3902 789 3952 41
813 3903 894 3952 Anax.
913 3899 969 3966 Spl
987 3900 1062 3954 218⁶
1081 3901 1105 3951 εἰ
1123 3899 1154 3952 δὲ
1171 3896 1311 3956 ἀπίθανος
1328 3895 1354 3960 (ό
1373 3891 1453 3966 λόγος
1470 3899 1565 3962 ἐστίν).

392 3968 591 4039 ὑπισχνεῖσθαι
618 3970 670 4033 δεῖ,
698 3964 734 4026 ὠς
760 3965 850 4035 ἀληθῆ
876 3969 1017 4027 ἐπιδείξεις
1038 3967 1084 4020 έπί
1107 3973 1154 4020 τοῦ
1178 3957 1270 4037 λόγου.
1306 3967 1337 4018 cf.
1357 3968 1444 4020 2111ιε
1468 3963 1518 4017 ὅσα
1542 3966 1567 4017 δ’

393 4033 428 4092 ἀν
453 4041 515 4090 λίαν
542 4034 644 4089 ἄπιστα
675 4042 820 4110 συμβαίνη,
848 4037 892 4089 δεῖ
911 4038 1099 4107 παραλείπειν.
1137 4033 1185 4090 έάν
1208 4036 1238 4088 δέ
1259 4033 1410 4103 ἀναγκαῖον
1433 4029 1449 4106 ᾖ
1470 4038 1566 4102 λέγειν,

393 4105 486 4160 εἰδότα
500 4105 541 4158 δεῖ
551 4111 715 4176 φαίνεσθαι.
730 4147 735 4158 .
749 4109 794 4158 καὶ
806 4100 949 4170 προϊόντος
958 4107 1006 4157 τοῦ
1015 4101 1099 4172 λόγου
1107 4105 1254 4165 ἐπιδείξειν
1262 4101 1351 4169 ἀληθῆ
1362 4101 1565 4171 ὑπισχνεῖσθαι.

393 4177 409 4242 ξ
428 4177 459 4226 42
480 4179 557 4226 Anax.
577 4175 633 4242 Spl
652 4177 701 4226 230
715 4194 739 4230 τι
758 4174 806 4228 έάν
824 4175 852 4228 δέ
871 4172 938 4243 ὑπὲρ
958 4170 1040 4226 ἀλλου
1059 4175 1145 4242 λέγης,
1163 4174 1257 4246 ῥητέον
1269 4169 1304 4228 ὠς
1316 4169 1362 4223 διὰ
1377 4175 1473 4241 φιλίαν
1487 4187 1567 4236 συνη-

392 4247 487 4316 γορεῖς,
512 4237 588 4308 ήδι’
609 4244 713 4312 ἔχθραν
737 4247 783 4296 τοῦ
809 4241 956 4308 ἀντιδίκου,
988 4239 1004 4310 ἢ
1032 4239 1076 4295 διά
1104 4229 1135 4294 ii
1163 4247 1218 4300 τοῖς
1244 4233 1389 4313 πράγμασι
1416 4241 1567 4312 παραγενέ-

395 4318 469 4373 σθαι,
488 4307 504 4379 ii
524 4309 568 4365 διά
586 4311 617 4364 τὸ
635 4314 674 4381 τῷ
691 4315 775 4380 κοινῷ
793 4316 941 4383 συμφέρον,
958 4307 975 4378 ἢ
994 4308 1087 4364 διὰτὸ
1105 4311 1208 4384 ἔρημον
1225 4310 1352 4363 εἶναικαὶ
1369 4306 1526 4360 ἀδικεῖσθαι
1545 4296 1567 4376 ᾧ

394 4385 556 4449 συνηγορεῖς.
592 4381 624 4447 ἐξ
643 4385 684 4441 43,
702 4385 734 4432 44
753 4381 785 4432 οἰ.
804 4384 835 4432 δο
854 4382 1082 4445 criminationibus,
1106 4396 1168 4446 ροσε
1188 4389 1315 4430 oratorem
1335 4387 1440 4444 propter
1458 4385 1566 4428 aetatem

394 4454 552 4514 contingunt,
580 4455 660 4501 Anax.
680 4450 734 4516 spi
754 4451 848 4514 2162ο,
876 4451 960 4512 2174,
983 4450 1033 4499 229
1045 4465 1080 4514 τε,
1098 4449 1147 4498 2311
1159 4465 1193 4503 ιο.
1230 4447 1296 4512 §43
1316 4450 1396 4498 Anax.
1416 4445 1472 4513 Spl
1489 4447 1568 4501 2179
