3590 5262
708 398 960 464 „xlx-

252 578 453 640 MarceMinum
482 577 606 639 indivisa
635 586 664 639 et
691 577 782 658 magis
807 577 916 638 intacta
945 577 1053 638 servari
1079 577 1236 657 intelleget.
1285 580 1413 658 quodsi

252 681 437 743 Marcellinus
465 681 536 743 haec
562 681 649 742 verba
678 681 714 742 ab
741 683 810 742 Arte
837 681 980 761 repetisse
1003 682 1164 743 sumendus
1187 689 1241 756 est,
1263 681 1413 761 Epitomes

252 785 464 858 fabricatorem,
488 804 575 864 quem
598 785 759 865 permrdtas
787 793 817 845 et
844 803 963 863 magnas
991 792 1088 863 partes
1110 784 1189 845 Artis
1214 769 1356 845 excidisse
1380 804 1415 844 ex

253 888 396 968 excerptis
428 887 465 948 ab
488 887 679 967 Hermogenis
712 888 748 949 de
781 887 949 949 inventione
982 886 1123 948 librorum
1148 887 1308 948 Scholiasta
1330 887 1414 948 factis

254 991 324 1053 satis
345 989 488 1071 adparuit
511 991 597 1052 etiam
621 999 718 1070 partes
741 990 819 1052 Artis
842 992 1030 1052 cohaerentes
1058 989 1249 1070 discerpsisse
1272 1000 1302 1052 et
1322 1010 1413 1069 quae-

253 1096 320 1156 dam
341 1095 422 1156 falsis
444 1093 515 1154 locis
537 1094 670 1173 posuisse
693 1093 850 1172 studioque
872 1093 1021 1155 breviandi
1043 1102 1174 1154 mutasse
1196 1093 1300 1155 elucet.
1339 1093 1416 1155 Mar-

254 1199 390 1260 ceMnum
407 1205 504 1259 autem
520 1196 568 1257 illa
583 1197 670 1259 verba
682 1197 745 1258 aru
761 1197 865 1258 debere
888 1216 923 1259 eo
945 1196 1145 1270 confirmatur,
1168 1196 1247 1275 quod
1262 1197 1330 1258 inde
1344 1196 1415 1258 ahos

253 1301 410 1383 particulas
433 1299 596 1380 exscripsit.
676 1295 681 1306 '
1140 1308 1143 1317 ·

337 1406 373 1466 W
388 1404 426 1465 lv
441 1403 502 1464 422
518 1434 544 1474 27
566 1412 705 1483 quattuor
726 1405 799 1464 lines
821 1402 928 1483 epilogi
950 1410 1177 1476 enumerantur,
1204 1421 1331 1482 quorum
1354 1402 1416 1483 pri-

254 1528 320 1570 mus
342 1517 372 1570 et
394 1507 500 1570 tertius
521 1508 600 1568 inter
621 1507 727 1586 epilogi
749 1507 822 1567 fines
844 1504 868 1564 Ε
889 1504 1108 1579 §5198-200
1136 1505 1246 1568 adlatos
1268 1505 1365 1584 primo
1387 1513 1417 1565 et

252 1613 339 1673 tertio
360 1611 425 1672 loco
447 1611 643 1692 reperiuntur,
666 1611 739 1672 alter
753 1609 876 1681 Neochs,
899 1609 973 1670 alter
987 1609 1141 1670 Alexandri
1163 1626 1271 1672 nomen
1293 1627 1363 1688 prae
1385 1627 1417 1669 se

252 1715 360 1776 ferens.
415 1732 475 1775 non
507 1714 539 1775 in
571 1715 627 1776 alio
659 1714 734 1775 libro
766 1713 823 1775 nisi
849 1713 880 1773 in
903 1713 981 1783 Arte,
1005 1713 1088 1773 cuius
1111 1712 1267 1792 Epitomen
1289 1710 1415 1782 edimus,

252 1818 369 1881 Neoclis
391 1827 421 1879 et
442 1817 596 1879 Alexandri
618 1818 691 1878 fines
713 1817 753 1878 ita
775 1817 948 1877 coniunctos
970 1815 1061 1876 fuisso
1082 1815 1162 1876 credi
1182 1824 1289 1894 potest.
1338 1814 1416 1875 Mar-

253 1923 376 1983 ceMinus
399 1939 468 1999 ergo
491 1921 545 1982 bac
567 1921 636 1981 Arte
658 1939 730 1982 usus
753 1926 808 1980 est.
863 1918 910 1979 cui
932 1918 1094 1979 secundnm
1117 1921 1194 1998 apud
1217 1917 1416 1979 Marcellinum

254 2024 360 2105 epilogi
381 2023 471 2084 finem
494 2022 640 2084 vindicare
662 2042 722 2084 non
745 2021 923 2094 dubitamus,
945 2039 1015 2082 nam
1037 2021 1188 2101 Epitomes
1210 2020 1415 2082 fabricatorem

254 2129 334 2188 hunc
356 2128 459 2188 eodem
476 2125 572 2200 modo,
588 2145 647 2205 qno
662 2125 862 2188 MarceMinum
878 2123 1041 2185 secundum
1056 2123 1205 2204 Epitomes
1220 2125 1309 2185 tinem
1325 2125 1414 2199 §199

255 2230 390 2292 omisisse
413 2229 472 2290 veri
494 2229 619 2290 similius
641 2239 686 2291 est
707 2247 796 2308 quam
818 2227 1017 2289 Marcehinum
1039 2227 1118 2288 inter
1139 2227 1213 2289 duos
1234 2227 1318 2300 fines,
1340 2246 1415 2305 qnos

255 2355 291 2395 ex
313 2353 373 2396 uno
394 2334 458 2395 loco
481 2332 644 2413 exscripsit,
667 2333 784 2395 aliunde
806 2332 964 2412 repetitum
979 2329 1169 2394 interiecisse.
1206 2349 1301 2410 neque
1316 2339 1414 2392 autem

255 2447 394 2518 quartum
417 2438 507 2498 finem
526 2437 562 2496 W
576 2437 614 2498 W
628 2436 690 2497 422
702 2469 737 2511 so,
761 2438 807 2499 cui
830 2435 988 2497 Minuciani
1009 2453 1118 2496 nomen
1139 2435 1285 2515 praefixus
1308 2444 1361 2509 est,
1384 2435 1415 2496 in

255 2541 325 2602 Arte
347 2558 414 2602 cum
437 2539 637 2620 superioribus
664 2540 855 2602 coniunctum
877 2539 968 2600 fuisse
989 2539 1146 2609 credimus,
1167 2537 1236 2618 quia
1258 2539 1339 2600 nullo
1360 2539 1416 2600 alio

254 2644 318 2706 loco
340 2643 420 2714 Artis
441 2644 584 2722 quaedam
607 2663 624 2705 a
646 2643 812 2704 Minuciano
834 2642 956 2722 repetita
977 2641 1153 2704 invenimus.

339 2747 497 2828 Complura
518 2748 634 2809 minora
656 2748 734 2809 Artis
757 2756 890 2827 excerpta
912 2747 944 2808 in
965 2748 1069 2808 eodem
1084 2743 1241 2806 Marcellini
1265 2763 1411 2806 commen·

256 2851 322 2913 tarii
343 2851 436 2932 capite
459 2850 597 2930 dissipata
620 2859 699 2926 sunt,
721 2870 796 2931 quae
818 2855 879 2913 tere
901 2851 936 2913 ad
958 2851 1080 2913 verbum
1103 2867 1170 2911 cum
1191 2849 1252 2913 suis
1267 2848 1416 2930 Epitomes

255 2955 326 3016 locis
348 2963 528 3034 congruunt:

617 3056 705 3117 WlV
915 3056 939 3116 Ε

598 3158 659 3220 423
675 3189 728 3228 3-6
829 3185 870 3211 =
884 3162 921 3234 §§
936 3159 1007 3233 207,
1024 3157 1085 3219 208

597 3262 660 3323 424
674 3291 754 3334 25-27
825 3266 902 3337 εξ
933 3262 994 3324 202

598 3365 661 3426 424
676 3396 756 3437 εει-ω
829 3369 905 3440 =§
939 3365 1000 3426 235

597 3468 755 3540 42617-19
826 3472 903 3543 εξ
932 3468 994 3530 204

597 3572 660 3633 426
671 3571 787 3642 εει-427
802 3603 815 3641 p
829 3576 904 3647 εξ
939 3570 1000 3631 212

598 3675 660 3737 427
676 3703 742 3745 8..ιο
826 3679 901 3750 =§
930 3675 1012 3736 205¹

708 3805 757 3866 ΠΙ.
790 3805 831 3866 Ni
961 3852 968 3865 .

341 3907 395 3969 llic
427 3916 530 3970 auctor
558 3807 970 3989 Progymnasmatuniflgiiase
1002 3903 1161 3988 Finchbjus
1183 3904 1224 3982 Sp
1246 3901 1363 3963 111449
1385 3919 1420 3961 ex

257 4011 409 4092 anonymis
430 4011 462 4072 in
482 4011 684 4092 Aphthonium
707 4011 824 4074 scholiis
838 4011 875 4070 W
889 4012 916 4073 ll
937 4009 1047 4083 effodit,
1068 4007 1243 4070 veterrimus
1265 4005 1417 4066 rhetorum

325 4155 334 4188 ¹
352 4155 421 4206 Duae
443 4156 549 4206 lacunae
567 4153 711 4205 MoroeMini
735 4153 910 4205 commentarii
927 4153 1057 4218 Epitomes
1081 4149 1167 4202 verbis
1191 4147 1289 4214 expleri
1307 4152 1420 4213 possunt.

257 4223 290 4276 W
304 4223 338 4275 lV
350 4224 400 4274 423
414 4239 427 4276 ε
446 4224 512 4274 cuim
528 4230 587 4290 post
598 4223 677 4274 verba
694 4220 775 4291 ἔργον
792 4220 823 4275 dl
840 4212 970 4287 ἔπελόγου
987 4217 1054 4271 κατὰ
1065 4216 1198 4270 Πλάτωνα
1216 4217 1343 4277 (πλείονα
1356 4215 1420 4280 qnod

256 4293 377 4354 traditur,
394 4293 532 4345 Finelrhins
551 4292 678 4355 correxit)
703 4293 733 4346 ἐν
752 4289 877 4359 Φαίδρῳ·
903 4288 933 4342 ἐν
959 4290 1099 4356 κεφαλαίῳ
1124 4288 1235 4354 λέγοντα
1261 4281 1422 4350 ὑπομνῆσαι

257 4359 303 4412 ἐπὶ
323 4360 431 4432 τελευτῇ
452 4357 514 4417 τούς
534 4354 681 4418 ἀκούοντας
700 4361 835 4412 inserenda
852 4366 912 4409 sunt
929 4357 1008 4409 verba
1026 4357 1047 4406 ll
1065 4358 1135 4408 4112
1152 4357 1205 4406 τῶν
1223 4355 1371 4426 εἰρημένων
1388 4378 1421 4387 -

257 4446 283 4486 ns
299 4429 434 4500 διεγεῖραι.
473 4431 506 4482 W
518 4428 554 4482 lV
572 4430 621 4482 tao
634 4445 660 4485 ns
678 4423 749 4480 ὥστε
768 4426 836 4498 (μὴ)
856 4428 1015 4479 scribendum
1033 4433 1074 4477 est
1091 4432 1120 4475 nt
1136 4425 1157 4475 Ε
1176 4426 1255 4476 401⁸.

1225 4507 1261 4562 b*
