3590 5262
856 348 1060 414 „L-

374 551 513 614 quoque
548 550 637 612 quae
670 534 765 594 lanta
796 529 872 592 sint
902 529 987 591 seiri
1016 529 1155 609 possint
1186 527 1330 590 tametsi
1358 545 1422 589 nos
1452 528 1542 590 reti-

374 634 571 709 nuerimus,
594 635 689 714 quod
712 652 835 714 genus:
859 632 889 694 si
905 632 1019 694 dicam
1043 628 1370 712 ‘meexprovinoia
1386 631 1542 693 redisse'

374 739 577 820 profectum
601 757 743 818 quoque
764 736 799 798 in
821 736 1039 818 provinciam
1062 736 1310 814 intellegatur.
1352 734 1452 814 itaque
1472 735 1544 796 illud

375 841 541 921 exemplum
575 861 636 910 non
663 861 679 902 a
706 841 859 904 Geometra
886 841 1041 908 inventum
1068 841 1119 902 sed
1147 859 1162 900 a
1190 838 1295 900 Neoole
1321 837 1348 900 ei
1377 848 1542 919 praecepto,

375 945 454 1025 quod
481 953 563 1006 sexto
586 944 780 1007 Cornifieiauo
805 945 965 1026 respondet
985 944 1008 1004 E
1033 945 1099 1013 15³
1121 940 1177 1006 καὶ
1198 940 1400 1004 adnotatione
1421 939 1542 1018 λέγοις,

376 1041 422 1114 ὦν
452 1046 622 1132 ῥηθέντων
651 1043 778 1131 φανεροί
804 1045 873 1112 ἐστι
902 1044 944 1109 τὰ
973 1042 1185 1128 σιωπώμενα,
1214 1045 1380 1127 adpositum
1404 1064 1469 1106 esse
1490 1065 1543 1126 pro

376 1162 456 1215 eerto
486 1152 639 1214 hahemus.
682 1171 720 1214 an
747 1151 825 1214 idem
855 1150 945 1212 altero
975 1168 1093 1230 quoquo
1117 1149 1250 1230 exemplo
1276 1169 1292 1211 a
1315 1149 1470 1211 Geometra
1492 1150 1544 1214 ad-

375 1257 435 1320 lato
458 1256 514 1337 (=
527 1255 657 1318 Platonis
679 1255 780 1336 Repl
800 1253 877 1332 init.)
900 1273 972 1316 usus
994 1253 1043 1325 sit,
1065 1253 1210 1316 incertum
1233 1252 1304 1314 est¹.

461 1358 626 1422 Plurimum
651 1359 805 1420 Geometra
827 1359 863 1420 ad
885 1357 1048 1438 proximam
1071 1363 1184 1437 partem
1208 1355 1332 1418 Cornuti
1353 1356 1447 1430 Artis,
1470 1378 1544 1438 quae

378 1464 413 1525 de
446 1462 586 1524 breuitate
619 1481 655 1524 ex
688 1461 850 1524 elocutione
883 1461 1035 1523 efficienda
1066 1471 1143 1534 erat,
1177 1458 1389 1521 restituendam
1419 1464 1542 1524 oonlert.

379 1565 564 1628 Geometram
595 1574 711 1645 praeter
738 1565 793 1628 tria
822 1573 990 1646 praecepta,
1025 1584 1099 1646 qnae
1126 1565 1209 1640 E§§
1231 1565 1364 1628 63-71
1396 1564 1544 1638 exhibent,

377 1669 455 1731 aliud
483 1667 613 1732 eiusdem
643 1669 756 1749 generis
783 1688 899 1731 serrare
921 1669 1131 1741 W1123025‚
1161 1668 1221 1729 231
1238 1701 1265 1739 a,
1292 1668 1371 1748 quod
1394 1667 1543 1733 cumillis

378 1771 409 1833 in
431 1771 552 1834 Comuti
572 1772 642 1835 Arte
664 1772 853 1836 coniunctum
877 1775 973 1846 luerit,
998 1791 1085 1853 supra
1108 1792 1136 1853 p.
1153 1771 1244 1834 xxiv
1267 1773 1544 1836 demonstravimus.

379 1877 551 1939 Geometras
576 1875 667 1956 igitur
693 1876 824 1938 subsidio
855 1877 912 1938 lroo
936 1877 1000 1938 loeo
1026 1894 1168 1938 numerus
1195 1886 1417 1958 praeceptorum
1446 1876 1545 1938 Neocli

379 1978 564 2059 gratissimus
593 1981 733 2062 expletur.
779 1979 833 2041 tria
855 1988 1010 2060 praecepta
1031 1980 1062 2042 iu
1084 1980 1240 2060 Epitomen
1262 1990 1378 2061 recepta
1400 1981 1448 2042 hie
1469 1981 1546 2041 inte-

379 2085 476 2164 griora
504 2093 575 2145 sunt
601 2102 688 2162 πονο]
717 2083 794 2164 apud
817 2084 1016 2157 Geometram,
1050 2084 1100 2146 sed
1129 2083 1312 2156 dubitamus,
1345 2103 1383 2146 an
1406 2103 1438 2146 ea
1460 2083 1546 2144 verba

381 2188 552 2249 Geometrae
567 2207 583 2249 e
599 2187 719 2250 Cornuti
734 2188 804 2249 Arte
827 2196 946 2267 sumpta
966 2187 1003 2248 ali
1024 2188 1216 2268 epitomatore
1239 2197 1338 2250 autem
1361 2187 1456 2250 exoisa
1479 2187 1547 2260 siut,

381 2311 455 2371 quae
477 2290 512 2352 W
534 2291 685 2361 1123120
713 2291 854 2372 exemplis
882 2291 1080 2371 epithetorum
1107 2294 1256 2354 adduntur
1281 2287 1373 2375 ήριιοι
1400 2288 1462 2372 γὰρ
1489 2287 1547 2351 ἐπὶ

380 2390 505 2457 τούτων
534 2394 599 2456 ιιαὶὟ
619 2393 656 2458 ια’
687 2392 800 2476 κύριον
827 2391 940 2476 μόνον.
985 2388 1007 2456 o‘i
1034 2392 1090 2478 (rei
1112 2393 1269 2473 ἐπίθετα)
1293 2393 1467 2478 ποιητικῆς
1490 2390 1548 2474 μὲν

380 2496 455 2560 idea
483 2492 525 2570 aig
552 2497 671 2580 ἐναργῆ
700 2496 756 2566 καὶ
783 2495 865 2580 ήδέα
890 2496 945 2559 καὶ
973 2493 1152 2582 εὐμεγέθη,
1176 2507 1247 2572 τοῖς
1274 2495 1407 2582 ῥήοορσι
1431 2495 1468 2559 δὲ
1490 2491 1547 2558 ἆλ-

379 2596 504 2682 λόιρια.
553 2619 621 2663 nam
656 2601 727 2663 haee
756 2602 843 2664 rerba
878 2602 983 2664 similia
1017 2611 1087 2669 sunt
1117 2602 1173 2677 eis,
1205 2589 1283 2683 'qnae
1315 2619 1546 2682 synonymorum

383 2705 517 2785 exemplo
539 2703 685 2784 adscripta
708 2715 778 2767 sunt
800 2705 915 2778 Elina.

465 2809 545 2870 luter
565 2809 673 2888 figuras
694 2808 906 2888 breviloquenti
922 2810 1069 2874 evitandas
1084 2811 1161 2891 apud
1177 2810 1362 2874 Geometram
1378 2810 1453 2872 duae
1469 2816 1548 2878 sunt,

379 2930 503 2990 quarum
529 2913 663 2992 Epitome
686 2912 867 2975 mentionem
890 2932 950 2974 uon
971 2913 1054 2975 lauit:

379 3015 416 3075 W
431 3015 458 3076 ll
473 3015 531 3076 231
549 3048 570 3089 1,
586 3015 675 3086 2321
698 3014 842 3100 ἐπιμονὴ
862 3014 900 3077 δὲ
915 3012 957 3089 ὥς
972 3015 1008 3079 τὸ
1028 3019 1077 3078 «ri
1097 3013 1232 3098 ἕροῦμον
1247 3014 1303 3078 καὶ
1318 3019 1351 3079 ai
1368 3009 1546 3100 φήσομενι;

423 3117 479 3178 καὶ
503 3115 607 3182 πάλιν
628 3121 754 3194 «αἰτίας
777 3117 833 3181 καὶ
856 3116 1037 3202 σκώμματα
1059 3118 1115 3180 καὶ
1137 3116 1333 3202 λοιδορίας».

380 3219 579 3296 11112313,
602 3222 664 3284 232
679 3256 705 3293 23
726 3220 770 3285 τὰ
795 3221 826 3284 δ’
852 3220 887 3288 ἐκ
909 3217 1122 3304 παραλλήλου
1145 3220 1284 3304 περιττὰ
1304 3220 1377 3304 μὲν,
1401 3221 1549 3304 σπουδής

425 3321 462 3386 δὲ
495 3317 547 3387 ὅτι
578 3321 723 3406 μάλιστα
754 3320 940 3409 ἒμφαντικά
962 3327 1038 3388 εἶσι.
1082 3323 1119 3388 τὸ
1141 3326 1221 3402 νοῦν
1246 3325 1281 3402 (Β
1297 3325 1330 3404 8)
1352 3318 1459 3405 <βασιλ
1482 3327 1548 3387 ido>

424 3422 613 3490 πλεονάσαν
634 3428 672 3516 νή
695 3427 780 3501 λέξει
802 3429 840 3491 τὸ
856 3429 993 3513 πρᾶγμα
1009 3430 1225 3492 sardariense·
1247 3425 1306 3512 τήν
1320 3427 1383 3512 γὰρ
1399 3426 1550 3511 σπονδήν

423 3529 468 3612 τῷ
491 3527 700 3594 inundaretur
724 3529 948 3616 παρεδήλωσε.

380 3633 410 3694 in
449 3633 605 3695 Alexandri
649 3636 685 3697 de
729 3638 831 3717 figuris
873 3638 949 3699 libro
982 3647 1012 3699 et
1046 3634 1189 3720 ἐπιμονὴ
1228 3637 1268 3717 Sp
1306 3637 1347 3697 lll
1385 3636 1423 3696 17
1455 3667 1481 3705 es
1521 3643 1551 3695 et

382 3740 570 3819 συνωνυμία
593 3739 633 3818 Sp
653 3739 693 3800 lll
714 3739 753 3800 30
773 3774 798 3811 n
827 3749 981 3816 tractatur,
1009 3761 1083 3821 qnae
1112 3739 1146 3802 ἐκ
1169 3735 1382 3823 παραλλήλου
1404 3737 1551 3800 nominari

380 3849 496 3919 poterat
518 3843 567 3914 (ol.
584 3840 783 3904 Herodianum
800 3847 840 3926 Sp
856 3846 895 3906 lll
913 3844 973 3905 102
988 3845 1021 3924 3).
1056 3846 1087 3906 in
1110 3844 1264 3906 Alexandri
1286 3843 1376 3922 igitur
1397 3852 1468 3915 arte,
1492 3860 1548 3922 qua

382 3941 530 4006 Cornutus
553 3964 626 4008 usus
648 3955 706 4020 est,
730 3946 806 4008 hano
828 3956 983 4028 utramque
1005 3949 1140 4028 figuram,
1163 3967 1237 4030 quae
1261 3965 1377 4010 summo
1398 3945 1463 4008 iure
1483 3945 1550 4006 bre-

450 4161 607 4215 1Μοοοοιοο
630 4181 660 4216 ne
683 4166 828 4232 Geometras,
851 4167 896 4218 ubi
919 4169 1039 4234 quaedam
1061 4167 1201 4218 aceronti
1224 4167 1288 4217 Arte
1312 4164 1472 4230 repetiverit,
1496 4163 1551 4214 eius

382 4230 459 4280 verba
476 4232 583 4296 genuine
602 4240 627 4282 et
646 4234 746 4300 integra
764 4251 882 4286 servasse
901 4244 1012 4302 putetur.
1049 4252 1104 4288 nam
1119 4236 1269 4300 ubicumque
1282 4232 1409 4284 Thoonem
1422 4239 1551 4284 auctorem

382 4309 544 4363 sequeretur,
571 4316 626 4351 eum
645 4306 723 4353 verba
741 4304 991 4372 Progymnasruntnm
1019 4309 1091 4356 modo
1119 4305 1262 4356 resonuisse
1288 4302 1361 4352 modo
1384 4301 1552 4367 amplificasse

382 4383 529 4434 semperque
547 4377 657 4421 mutasse
677 4372 793 4423 vidimus.
