3590 5262
839 458 880 470 -
926 421 1027 488 XLVI
1075 461 1110 471 -

390 606 501 668 adlatae
524 612 616 676 erant,
639 602 718 664 Artis
738 612 861 682 partem,
884 620 971 681 quatu
989 603 1164 681 epitomator
1179 601 1247 661 iude
1262 619 1277 661 a
1293 603 1311 675 ς
1326 599 1366 662 63
1382 597 1557 679 compilavit,

388 707 578 770 antecessisse
608 705 753 785 putandae
782 714 861 766 sunt.
905 722 972 766 nam
1002 705 1076 765 lines
1103 703 1245 784 prooemii
1268 699 1362 784 ἔργου
1384 713 1452 764 ante
1474 722 1559 782 prae·

390 821 472 892 cepta
499 809 655 872 docilitatis
682 808 852 871 attentionis
879 808 1096 870 benevolentiae
1124 807 1212 887 positi
1242 814 1320 879 sunt,
1351 806 1457 885 quihus
1484 825 1558 885 quo-

392 915 549 977 dammodo
571 923 724 994 praecepta
748 932 827 974 nunc
848 912 934 974 nohis
958 911 1107 973 tractanda
1130 910 1317 990 respondent.

475 1017 508 1079 ln
533 1017 554 1076 E
575 1019 613 1091 ἐς
629 1016 776 1077 63-104
799 1013 834 1076 de
857 1014 1033 1076 narrationis
1056 1013 1214 1076 virtutihus
1236 1014 1340 1092 agitur.
1386 1024 1419 1073 ut
1438 1011 1561 1073 Cornuti

391 1121 469 1182 Artis
502 1121 537 1181 de
566 1118 725 1180 virtutihus
754 1119 928 1179 narrationis
957 1126 1110 1196 praecepta
1141 1115 1341 1188 restituamus,
1375 1133 1434 1176 non
1465 1115 1559 1176 solum

391 1242 493 1285 eorum
517 1230 652 1301 excerpta
674 1221 846 1282 excutienda
869 1228 939 1281 suut
967 1220 1018 1280 sed
1045 1219 1133 1280 etiam
1155 1218 1234 1279 unde
1256 1218 1404 1279 Cornutus
1427 1237 1459 1278 ea
1482 1218 1560 1279 deri-

391 1328 503 1389 vaverit
534 1325 733 1405 quaerendum
765 1333 818 1386 est.
862 1343 919 1403 qua
950 1324 986 1385 de
1014 1341 1100 1384 causa
1130 1341 1233 1384 omnes
1260 1323 1339 1383 locos
1366 1320 1559 1382 vetustiorum

392 1431 555 1503 rhetorum,
572 1428 681 1509 quihus
697 1436 849 1508 praecepta
865 1428 901 1488 de
916 1426 1090 1488 narrationis
1103 1426 1261 1487 virtutihus
1273 1424 1432 1486 efficiendis
1445 1426 1560 1498 dautur,

392 1532 564 1613 perlustrari
592 1541 720 1611 oportet:
749 1530 936 1592 Anaximenis
953 1530 1038 1590 Rhet.
1056 1530 1097 1610 Sp
1112 1529 1124 1589 l
1147 1529 1208 1590 219
1226 1527 1356 1598 10-220
1371 1559 1393 1600 ⁶,
1416 1528 1561 1600 2401-⁷;

394 1633 541 1696 Cornificii
572 1633 691 1693 Rhetl
718 1635 754 1707 ἐξ
776 1633 913 1706 14-16;
947 1633 1094 1695 Ciceronis
1122 1633 1163 1694 De
1191 1632 1488 1708 1nv.1§§28‚29;
1521 1631 1562 1692 De

395 1738 472 1798 Part.
496 1740 514 1812 ξ
530 1735 584 1809 523
607 1736 779 1809 Quintiliani
793 1737 865 1797 lnst.
881 1736 917 1796 Ν
933 1736 953 1795 2
967 1758 1073 1809 amm
1096 1737 1224 1798 Theonis
1243 1737 1328 1815 Prog.
1344 1739 1383 1817 Sp
1398 1736 1424 1796 ll
1440 1736 1480 1797 79
1493 1767 1562 1804 20—-

395 1839 435 1902 85
451 1871 486 1910 27.
524 1840 732 1920 quodcumque
746 1847 934 1918 praeceptum
950 1858 1017 1899 cum
1034 1839 1167 1920 Epitoma
1183 1840 1340 1919 conspirat,
1364 1839 1393 1900 in
1410 1857 1563 1901 commen·

396 1943 502 2005 tarium
526 1942 781 2015 transscribemus‚
809 1960 889 2002 nuuc
914 1961 988 2021 quae
1010 1942 1084 2003 ratio
1105 1943 1184 2004 iuter
1206 1942 1335 2022 singulos
1358 1942 1447 2004 lihros
1469 1942 1562 2004 inter-

398 2048 482 2109 cedat
503 2045 603 2127 paucis
626 2045 807 2126 explanaturi
830 2064 943 2106 sumus.

481 2149 559 2211 Num
575 2150 771 2210 Anaximenes
793 2149 855 2228 ipse
878 2148 929 2209 uni
951 2167 985 2208 ex
1001 2148 1104 2209 ceteris
1119 2148 1295 2221 rhetoribus,
1318 2167 1392 2228 quos
1409 2166 1565 2209 enumera-

398 2253 503 2326 vimus,
526 2252 557 2312 iu
580 2251 714 2313 manibus
737 2252 834 2321 luerit,
857 2251 939 2312 valde
962 2251 1139 2325 dubitamus,
1163 2253 1214 2313 sed
1236 2251 1312 2331 apud
1332 2269 1436 2312 omues
1451 2259 1566 2331 praeter

399 2355 612 2429 Quintilianum
635 2356 755 2435 vestigia
783 2355 933 2417 doctrinae
959 2355 1172 2416 Anaximeneae
1195 2355 1379 2434 deteguntur.
1425 2354 1505 2415 Theo
1537 2362 1567 2415 et

399 2457 535 2537 Epitome
557 2477 592 2518 eo
614 2477 680 2518 cum
696 2457 875 2518 Anaximene
898 2457 1096 2530 consentiunt,
1119 2458 1198 2537 quod
1220 2457 1391 2519 brevitatem
1410 2465 1439 2519 et
1452 2457 1568 2538 perspi-

400 2560 538 2621 cuitatem
562 2560 688 2621 erebus
711 2569 740 2621 et
761 2580 777 2621 e
801 2561 895 2621 verbis
917 2560 981 2621 fieri
1004 2561 1117 2633 docent,
1144 2570 1174 2621 et
1196 2560 1243 2621 hic
1265 2571 1388 2639 uterque
1411 2569 1441 2622 et
1463 2558 1567 2620 Corni-

401 2663 485 2724 ficius
501 2661 658 2741 Ciceroque
681 2664 820 2724 nonnulla
844 2663 1000 2743 singularia
1021 2674 1175 2744 praecepta
1191 2663 1377 2725 Anaximenis
1400 2663 1566 2724 exhibeut1.

403 2784 435 2826 ea
458 2783 532 2843 quae
555 2764 727 2827 Cornificius
750 2775 779 2827 et
801 2786 874 2846 quae
894 2766 993 2828 Cicero
1016 2768 1112 2848 priore
1135 2768 1154 2827 l.
1176 2768 1195 2827 l.
1220 2769 1255 2829 de
1277 2766 1452 2828 narrationis
1474 2766 1570 2827 virtu-

404 2867 482 2929 tihus
513 2878 673 2948 exponunt,
702 2872 762 2930 fere
791 2870 971 2931 adverbum
999 2879 1173 2950 congruunt,
1206 2888 1273 2931 cum
1298 2880 1420 2949 uterque
1442 2869 1568 2930 eundem

403 2972 561 3045 rhetorem,
588 2972 638 3051 qui
660 2983 753 3033 artem
776 2973 878 3035 Latine
905 2973 1061 3047 conuictu,
1089 2983 1156 3036 ante
1178 2975 1277 3035 oculos
1300 2972 1443 3034 hahuerit.
1487 2991 1572 3052 prae-

404 3085 566 3156 ceptorum,
594 3095 668 3155 quae
690 3075 790 3138 Cicero
818 3077 910 3138 altero
937 3078 955 3137 l.
976 3078 995 3138 l.
1018 3078 1075 3152 dat,
1105 3078 1230 3157 plurima
1259 3077 1285 3138 ci
1314 3075 1469 3157 peculiaria
1491 3085 1570 3137 sunt.

404 3179 549 3259 permulta
571 3187 668 3240 autem
692 3189 925 3259 praeceptorum,
948 3199 1022 3259 quae
1038 3180 1192 3242 Cornificio
1213 3191 1242 3242 et
1256 3180 1390 3242 Ciceroni
1403 3180 1571 3242 communia

406 3293 485 3357 sunt,
508 3283 583 3362 apud
607 3282 757 3344 Thoonem
781 3293 811 3345 et
832 3284 862 3344 iu
885 3284 1020 3364 Epitoma
1042 3284 1239 3364 reperiuntur.

490 3386 685 3459 Quintilianus
707 3389 802 3450 rarius
825 3407 892 3449 cum
916 3389 1020 3449 ceteris
1042 3388 1186 3450 concinit:
1209 3387 1304 3449 verbis
1318 3389 1390 3448 lust.
1405 3387 1443 3448 Ν
1458 3386 1477 3445 2
1494 3418 1572 3456 Μ

407 3489 555 3551 Ciceronis
577 3490 613 3551 de
636 3490 697 3551 lnr.
720 3490 787 3551 lihri
809 3491 821 3550 l
843 3488 917 3566 §28
941 3491 1062 3552 suhesse
1084 3490 1199 3552 videtur
1224 3500 1254 3552 et
1280 3499 1420 3570 quattuor
1445 3488 1516 3550 locis
1539 3506 1574 3548 ex

408 3610 469 3652 uno
491 3611 593 3653 corum
617 3593 779 3666 rhetorum,
803 3612 929 3672 quorum
945 3603 1097 3674 praesepta
1113 3593 1261 3655 Cornutus
1277 3593 1395 3672 recepit,
1419 3589 1575 3664 Quintilia-

408 3713 483 3755 num
510 3694 608 3774 ipsum
637 3715 753 3776 quoque
780 3697 906 3776 pendere
933 3697 1122 3777 perspicuum
1150 3705 1203 3758 est.
1247 3697 1298 3776 qui
1324 3696 1360 3757 Ν
1383 3696 1487 3774 2t1‚³2
1513 3695 1576 3755 lso-

410 3807 523 3859 erateos
556 3798 752 3860 narrationem
786 3801 912 3862 lucidam
945 3800 1064 3862 brevem
1097 3801 1157 3862 veri
1190 3800 1315 3862 similem
1348 3817 1412 3860 esse
1440 3797 1575 3869 voluisse,

410 3900 595 3962 Aristotelem
622 3910 810 3982 praeceptum
839 3903 986 3965 brevitatis
1014 3903 1155 3976 inrisisse,
1184 3903 1370 3964 Theodoreus
1397 3901 1488 3962 solam
1517 3899 1577 3960 veri

412 4003 635 4065 similitudinem
658 4007 820 4086 postulasse
843 4007 939 4070 tradit.
984 4006 1007 4067 Ε
1028 4010 1065 4082 §Q
1083 4006 1153 4081 102,
1178 4006 1247 4080 103,
1270 4016 1425 4086 postquam
1445 4003 1577 4085 proxima

483 4230 547 4282 ¹Cl.
566 4233 771 4284 commentarium
790 4235 819 4284 ed
839 4232 925 4300 558²,
943 4234 983 4284 93.

482 4299 493 4332 2
511 4299 571 4351 Rem
595 4301 630 4351 ita
649 4316 676 4350 sc
694 4302 786 4353 habere
804 4301 920 4353 'l'lrielius
939 4300 1042 4364 Quaeri.
1060 4301 1092 4352 da
1112 4300 1246 4368 Cornificii
1261 4305 1286 4351 et
1306 4301 1433 4352 Ciceronis
1448 4304 1498 4351 ort.
1516 4300 1579 4352 rhei.

413 4368 482 4420 Dies.
511 4366 656 4437 Grypuisw.
683 4369 746 4422 1889
773 4371 965 4421 demonstravit.
999 4370 1125 4421 Thielium
1151 4377 1222 4420 reete
1248 4370 1375 4422 iudicasse
1403 4368 1579 4419 commentario

414 4443 504 4488 nostro
523 4438 554 4488 ad
573 4436 606 4502 §Q
620 4438 661 4501 54,
679 4439 724 4500 553
744 4438 843 4490 65-68
863 4440 957 4490 collato
976 4440 1033 4489 luce
1052 4439 1147 4490 clarius
1165 4439 1304 4503 adparehit.
