3586 5260
724 418 942 482 ..13..

247 601 347 661 τικαί.
387 599 435 660 55.
452 596 517 660 τόν
532 595 569 659 δὲ
584 593 642 659 ἐπὶ
658 595 777 681 κριτῶν
798 592 835 657 αἱ
858 594 919 678 μὲν
940 593 1024 659 κατὰ
1045 593 1082 658 τό
1106 589 1417 678 ἀμφισβητούμενον

248 697 327 764 αὐτὸ
350 702 561 764 συνίστανται
584 699 608 776 †
631 693 667 758 oti
690 699 727 762 δὲ
750 699 833 784 πρὸς
858 699 946 774 ίδίας
969 695 1135 783 διηγήσεις
1149 700 1206 782 τής
1221 695 1417 772 ὑποθέσεως

247 800 398 882 λέγονται
422 805 458 880 †,
488 797 524 863 ai
552 799 590 862 δὲ
612 806 889 885 παρεμπίπτουσι
913 807 1057 877 πίστεως
1081 806 1188 866 ἕνεκεν
1210 799 1228 884 ή
1251 797 1417 884 αὐξήσεως

248 903 268 990 ή
290 905 448 989 διαβολῆς
470 902 489 989 ἢ
513 903 614 968 ἄλλον
636 904 726 979 τινός
747 902 911 982 τοιούτου,
936 902 1071 980 ἅστινας
1086 907 1141 968 καὶ
1155 901 1416 989 παραδιηγήσεις

212 1005 334 1084 ὅτινὲς
367 1009 534 1073 καλοῦσιν.
586 1010 635 1071 56.
667 1007 715 1072 ἔτι
747 1009 812 1073 τῶν
845 1008 903 1072 ἐπὶ
932 1009 1051 1093 κριτῶν
1078 1002 1263 1092 διηγήσεων
1289 1004 1327 1082 όὶς
1356 1007 1417 1092 μὲν

247 1109 341 1196 ἡμεῖς
371 1114 625 1196 προηγουμένως
652 1109 840 1196 εἰσάγομεν,
872 1109 910 1188 όὶς
937 1112 973 1176 δὲ
995 1114 1061 1176 τῶν
1083 1108 1260 1177 ἀντιδίκων
1283 1113 1416 1191 είσαγα-

246 1213 371 1294 γόντων
393 1212 508 1298 ἑτέρως
531 1214 737 1298 ἐπαγομένας
760 1212 853 1279 aizoi
882 1213 1180 1300 οἷντιδιηγοόμεθα,
1209 1217 1294 1297 παρ’
1317 1213 1337 1280 ό
1360 1216 1415 1279 καὶ

247 1314 490 1403 οἷντιδιηγήσεις
519 1315 831 1402 προσαγορεύονται.
881 1315 1167 1404 άντιδιηγοόμεθα
1197 1318 1234 1382 δὲ
1257 1317 1276 1402 η“
1298 1320 1334 1383 τό
1358 1344 1415 1382 κα-

246 1420 353 1486 θόλου
375 1423 414 1508 τῇ
435 1422 500 1485 τῶν
521 1419 698 1486 ἀντιδίκων
721 1420 873 1507 διηγήσει
902 1419 1144 1506 άνθιστάμενοι
1171 1447 1189 1506 η
1213 1422 1297 1486 κατά
1319 1427 1415 1505 μέρος

197 1529 228 1582 10
248 1529 394 1590 ἕκαστον.
439 1527 489 1587 57.
513 1520 593 1588 ὅταν
614 1524 675 1608 μὲν
697 1523 755 1590 οὖν
777 1526 904 1610 ἐμπέση
928 1523 1026 1610 ήτῶν
1042 1518 1249 1611 πραγμάτων
1264 1522 1416 1610 διήγησις

246 1663 305 1697 ιιι
327 1625 400 1692 τότε
430 1627 626 1711 ἐμπεσεῖται
657 1629 902 1714 παραδιήγησις
924 1628 1189 1713 ἐπιχειρημάτων
1211 1626 1271 1712 μὲν
1293 1630 1415 1709 ἔχουσα

245 1732 363 1808 τόπον,
389 1731 541 1796 πιθανὸν
563 1733 601 1796 δέ
621 1757 654 1797 τι
678 1736 919 1817 συμφερομένη.
968 1732 1040 1817 εἴδη
1062 1733 1186 1797 dianio
1208 1731 1414 1818 παραδιηγή-

247 1850 330 1898 σεων
351 1839 440 1917 τρία,
464 1832 696 1920 προδιήγησις,
729 1835 985 1920 παραδιήγησις,
1016 1832 1238 1920 ε’πιδιήγησις.
1283 1838 1333 1900 58.
1357 1837 1413 1899 καὶ

246 1934 465 2021 προδιήγησις
487 1941 547 2021 μέν
569 1937 671 2016 ἐστιν,
695 1935 774 2004 ὅταν
796 1940 861 2025 πρό
886 1935 988 2002 αι’·τοῦ
1003 1941 1060 2002 τοῦ
1076 1936 1267 2023 πράγματος
1285 1939 1416 2012 ἔξωθεν

194 2047 226 2100 15
248 2039 357 2124 ἕτερόν
377 2065 409 2104 τι
433 2034 686 2125 διηγησάμεθα,
712 2038 822 2126 ὥσπερ
845 2043 880 2109 ἐν
906 2065 950 2126 τῳ
973 2039 1057 2106 κατά
1081 2040 1306 2126 Τιμοκράτους
1330 2044 1362 2123 (§
1379 2044 1413 2124 6)

245 2143 322 2222 <irai
343 2143 418 2225 γὰρ,
443 2139 468 2206 ὦ
484 2141 599 2227 ἄνδρες
611 2142 800 2229 Ἀθηναῖοι,
825 2149 1054 2230 προσέκρουσα
1070 2141 1240 2229 άνθρωπῳ
1257 2146 1414 2230 πονηρῷ).

246 2247 297 2309 59.
322 2244 566 2332 παραδιήγησις
588 2247 637 2324 δὲ,
662 2245 739 2314 ὅταν
762 2251 839 2333 παρ’
862 2246 1001 2313 αὐτότὸ
1024 2250 1162 2330 πρᾶγμα
1186 2253 1278 2332 ἕτερα
1301 2248 1415 2332 διηγη-

174 2358 226 2416 436
246 2348 398 2433 στόμεθα,
427 2347 469 2424 ὠς
496 2349 531 2414 ἐν
558 2353 603 2437 τῷ
626 2352 709 2415 κατόι
733 2352 880 2418 Μειδίου
904 2355 936 2434 (§
956 2355 1030 2436 161)
1058 2352 1220 2432 <ἐγένοντο
1243 2349 1414 2426 ἐπιδόσεις

246 2456 293 2529 εἰς
311 2452 467 2537 Εὔβοιαν)
490 2454 546 2516 καὶ
568 2453 609 2518 τά
634 2453 715 2538 ἑξῆς.
761 2457 810 2518 60.
834 2454 1046 2541 ε’πιδιήγησις
1069 2455 1118 2532 δὲ,
1145 2451 1238 2540 [ὅταν
1259 2455 1342 2539 μετά
1356 2455 1415 2529 τὰς

311 2673 325 2722 2
345 2675 521 2725 συνίστανται
538 2673 584 2722 καί
601 2671 666 2722 ἴδιαι
684 2671 732 2736 τῆς
748 2667 907 2729 ὑποθέσεως
919 2669 950 2736 K,
968 2673 998 2724 αἳ
1009 2668 1042 2736 δὴ
1055 2667 1143 2737 [πρὸς]
1157 2670 1265 2728 εἰδικῶς
1277 2663 1413 2739 διηγήσεις

243 2739 296 2804 [τῆς
313 2737 484 2802 ὑποθέσεως]
506 2742 631 2808 λέγονται
644 2739 701 2791 wil
752 2741 768 2790 6
787 2733 984 2808 είσαγόντοινΡ
1003 2741 1106 2791 correxi
1160 2743 1191 2793 to
1209 2738 1315 2811 ἐμπέση
1334 2740 1353 2791 P
1371 2741 1412 2792 ἐν·

244 2802 336 2880 δεήςή
359 2800 480 2875 (τούτου)
503 2807 533 2873 K,
551 2805 659 2872 ἐλλιπὴς
677 2801 693 2880 η’
708 2808 764 2859 Wil
818 2809 849 2859 17
867 2811 929 2881 περὶ
946 2812 975 2860 τὸ
995 2806 1060 2860 αὐτὸ
1079 2810 1224 2879 πρᾶγμαΡ
1243 2825 1280 2860 ena
1299 2811 1332 2875 Sp
1381 2811 1411 2860 19

241 2871 353 2928 όταν-
365 2875 562 2945 διηγησάμεθα
580 2879 621 2929 del
636 2879 700 2936 wit,
719 2886 776 2942 post
789 2873 855 2930 ὅταν
871 2894 984 2940 magnam
1003 2894 1059 2928 esse
1076 2877 1223 2928 lacunamF
1242 2878 1352 2928 coniecit
1363 2878 1410 2927 hoe

243 2943 296 2995 iere
318 2947 389 2996 modo
408 2947 553 3012 replendam
574 2946 643 3012 <aei
663 2941 729 2998 αὐτὸ
747 2941 777 2996 τὸ
797 2948 914 3016 πρᾶγμα
933 2943 1008 3017 ἕτερα
1026 2936 1226 3014 διηγησάμεθα.
1262 2947 1410 3012 exemplem.

243 3007 427 3081 προδιήγησις
442 3017 493 3082 μέν
510 3015 590 3077 ἔστιν,
608 3010 674 3066 ὅταν
691 3015 791 3071 ἐντοῖς
809 3018 966 3086 προοιμίοις
984 3018 1040 3076 (ant
1058 3017 1104 3064 καὶ
1119 3008 1173 3085 πρὸ
1190 3015 1235 3064 τοῦ
1249 3017 1410 3082 προοιμίου)

243 3074 442 3148 διηγησάμεθα.
478 3076 680 3151 παραδιήγησις
697 3081 733 3147 δὲ,
758 3077 823 3136 ὅταν
844 3083 873 3135 ἐν
890 3081 957 3155 αὐτή
976 3083 1007 3152 τῇ
1031 3079 1150 3164 διηγήσει
1172 3078 1247 3149 παρὰ
1270 3079 1318 3144 τήν
1337 3081 1412 3138 ἰδίως

241 3151 410 3218 καλουμένην
427 3146 552 3218 διήγησιν
569 3142 644 3221 ἕτερά
662 3169 722 3203 τινα
741 3149 943 3220 διηγησόμεθα.
980 3149 1151 3218 ἐπιδιηγησις
1168 3149 1206 3216 δὲ,
1224 3145 1304 3216 όταν>

240 3366 319 3401 anem
344 3349 410 3416 ηκοό
424 3353 452 3400 ta
469 3353 586 3418 negotiis,
604 3349 716 3401 aterum
733 3350 799 3417 qaod
850 3367 892 3412 eo,
923 3367 987 3416 ηιιοο
1012 3353 1040 3399 ia
1065 3353 1225 3415 negotiorum
1251 3352 1410 3417 expositione

240 3422 267 3468 ιίι
286 3421 402 3485 personis
417 3422 532 3486 positam
548 3422 594 3470 est.
631 3418 665 3481 id,
688 3420 755 3484 ηιιοδ
770 3423 797 3470 ia
848 3423 934 3487 posito
950 3423 993 3479 eet,
1013 3422 1063 3470 tris
1079 3420 1154 3469 Ιιαόιί
1167 3420 1268 3486 partie.-
1279 3418 1409 3486 satutem,

239 3491 402 3554 negotiorum
430 3490 588 3555 emporitioae
614 3489 727 3556 positum
753 3493 797 3550 est,
851 3489 998 3553 historiam,
1018 3492 1209 3552 argumentum.

184 3573 187 3580 ⁴
239 3558 288 3607 tris
305 3557 380 3606 aare
393 3559 493 3622 partis:
504 3556 636 3624 sobolom,
653 3558 798 3622 historiam,

238 3629 429 3690 argumentum.
465 3624 497 3675 ei.
517 3625 602 3691 Quint.
615 3623 636 3675 ll
655 3625 687 3674 42

238 3693 337 3745 fabulae
355 3683 484 3776 μηθικάς,
503 3694 627 3744 historiae
644 3683 780 3761 ἱστορικός
797 3695 949 3772 respondere
968 3693 1079 3760 adparet,
1100 3693 1147 3773 'sed
1166 3692 1242 3742 etiarn
1259 3700 1407 3772 argumento

237 3763 662 3896 iiiimxiiiiati
673 3771 967 3882 ¹20.¹:,5.‡23{¹:it„⁰5'izt,
978 3763 1407 3896 55135515555511,

238 3915 301 3963 qnae
325 3901 393 3950 inest
416 3899 441 3948 in
465 3899 531 3948 libro
549 3900 607 3949 Aue
624 3899 668 3949 der
687 3901 800 3950 Aaomio
817 3915 840 3965 p.
856 3901 910 3950 124.
946 3898 962 3964 ξ
981 3899 1013 3949 56
1036 3895 1069 3954 ἃς
1091 3896 1119 3949 δὲ
1140 3896 1185 3948 xri
1206 3897 1407 3949 F'ortunatianus

237 3967 308 4018 eae.
332 3967 374 4018 iot.
393 3969 455 4018 min.
477 3968 551 4020 112ο
569 3967 741 4034 natidiegesis,
763 3985 819 4019 eum
837 3967 982 4019 adversarii
997 3967 1140 4034 atses-imas
1158 3970 1332 4017 narrationem
1350 3981 1408 4016 οοιι-

236 4051 309 4087 oereo
328 4051 429 4102 genere.
464 4034 530 4100 §57
554 4037 642 4086 incana
667 4051 680 4085 a
704 4037 777 4087 nobis
801 4037 911 4087 indicate
936 4037 972 4086 ita
997 4035 1049 4087 iere
1070 4036 1193 4100 explenda
1212 4043 1252 4085 est
1272 4030 1301 4100 (ἡ
1320 4052 1407 4104 παρα-

236 4097 360 4172 διήγησις
382 4101 431 4156 οὐκ
454 4099 596 4171 ἀναγκαία.
632 4100 697 4157 ὅταν
718 4101 803 4172 δὲμὴ
821 4105 910 4170 iperio
946 4101 962 4166 ή
988 4105 1042 4155 τῶν
1064 4097 1237 4171 πραγμάτων
1258 4102 1405 4171 διήγησις).

237 4175 267 4223 dn
287 4174 334 4224 hoe
354 4173 427 4224 verbi
448 4174 596 4238 ἐμπίπτειν
619 4190 666 4224 usn
684 4172 715 4223 ei.
734 4175 867 4240 Sopatrum
886 4175 899 4224 1
938 4173 970 4225 lv
989 4174 1038 4223 655
1051 4188 1076 4225 τι
1095 4166 1252 4239 cipionis
1274 4171 1408 4240 ἐμπίπτει

237 4238 420 4309 διήγησις
444 4238 493 4293 ἐὰν
519 4241 547 4294 δὲ
572 4237 611 4309 μή
636 4242 758 4312 ἔμπίπτη
786 4239 919 4308 διήγησις.
954 4240 970 4306 §
992 4243 1024 4291 61)
1050 4242 1183 4304 genuinam
1209 4236 1407 4306 ἔπιδιηγήσεως

236 4310 408 4362 definitionem
428 4319 454 4361 et
471 4312 612 4376 exemplum
625 4311 797 4370 intercidisse,
819 4320 869 4361 tum
883 4312 961 4361 verba
975 4304 1084 4360 ὅταν-
1099 4305 1294 4376 διηγησάμεθα
1307 4310 1406 4359 inserta

237 4393 292 4428 esse
313 4381 367 4430 Wil
391 4380 462 4430 nobis
485 4381 621 4445 persuasit.
658 4396 713 4429 nani
735 4372 909 4447 ίπιδιήγησιν
926 4379 981 4429 iilis
1000 4379 1087 4428 verbis
1110 4378 1236 4428 definitam
1260 4394 1316 4429 esse
1335 4379 1406 4428 erodi

237 4463 284 4496 non
306 4465 387 4516 posse,
407 4464 483 4515 quere
502 4449 621 4499 Fine-khii
640 4450 813 4516 supplementa
832 4449 986 4515 repudianda
1004 4463 1067 4498 esse.
