3590 5262
826 395 860 403 -
911 355 1015 423 LVIII
1062 393 1102 404 -

376 537 486 608 lerunt,
499 570 502 582 ι
515 544 604 616 patet.
648 535 808 598 Finekhins
830 535 922 616 igitur
942 535 1021 596 1323
1038 567 1064 606 20
1090 543 1158 597 ante
1184 535 1263 596 illam
1291 535 1543 598 enumerationem

376 639 506 718 quinque
534 639 685 713 locorum,
714 658 802 720 quam
830 658 890 701 non
918 639 952 701 ad
975 638 1172 700 Alexandrum
1202 639 1383 701 referendam
1412 659 1476 702 esse
1497 641 1545 702 in-

376 742 501 815 tellexit,
529 743 616 804 verba
643 739 717 824 (καὶ
740 740 885 824 Νεοκλῆς
906 737 986 824 μὲν)
1012 740 1153 804 excidisse
1175 742 1309 804 coniecit.
1357 742 1381 803 si
1405 742 1544 803 Finckhio

375 845 569 920 assentimur,
604 847 737 926 sequitur
770 854 804 907 ut
830 845 914 906 stt
936 878 961 915 η
992 844 1098 908 similia
1132 846 1275 926 quaedam
1305 846 1393 907 verba
1423 845 1545 925 periisse

375 957 529 1031 putemus,
567 968 634 1011 cum
669 948 852 1011 enumeratio
886 959 1026 1029 quattuor
1058 949 1256 1012 narrationem
1289 949 1543 1030 praetermittendi

376 1071 531 1115 causarum
554 1057 591 1129 ἐξ
608 1052 775 1115 tlt-120
798 1053 861 1133 ipsa
884 1072 1001 1133 quoque
1023 1053 1060 1115 ab
1070 1052 1233 1114 Alexandro
1256 1052 1348 1114 aliena
1371 1052 1417 1114 sit
1456 1071 1545 1132 qnam

376 1155 475 1217 Neocli
501 1156 717 1218 attribuendam
746 1175 810 1217 esse
838 1175 905 1217 cum
934 1175 969 1218 ex
997 1177 1032 1218 eo
1062 1156 1236 1219 concludere
1258 1155 1338 1228 lieet,
1368 1157 1448 1235 quod
1470 1173 1547 1217 cnu-

378 1258 532 1321 merationi
559 1267 699 1338 quattuor
725 1260 868 1340 prooemii
890 1260 1143 1341 praetermittendi
1166 1245 1321 1322 causarum
1345 1262 1381 1335 ἐξ
1397 1258 1545 1333 22-25,

377 1380 465 1442 quam
489 1361 604 1422 Neoclis
630 1381 696 1423 esse
722 1363 809 1424 certis
836 1365 1022 1440 argumentis
1051 1363 1205 1437 ericImus,
1233 1363 1400 1443 respondet,
1424 1371 1487 1425 tum
1512 1383 1547 1425 ex

377 1485 421 1538 eo,
448 1465 526 1544 quod
549 1465 636 1527 verba
658 1465 738 1526 1322
755 1498 780 1536 η
802 1457 828 1550 ᾧ
849 1461 961 1550 τρόπῳ
984 1465 1060 1531 τινὰ
1080 1466 1137 1549 τῆς
1158 1461 1339 1549 διηγήσεως
1361 1463 1547 1548 παραιτού-

378 1569 471 1650 μεθα
498 1562 541 1639 ὠς
567 1567 611 1650 μὴ
641 1571 850 1652 συμφέροντα
876 1570 913 1630 ad
940 1589 1032 1632 unum
1062 1567 1214 1632 eNeoclis
1241 1569 1277 1630 de
1299 1569 1440 1631 brevitate
1462 1589 1547 1652 prae-

378 1671 469 1752 ceptis
492 1671 613 1741 13141,
640 1669 695 1733 καὶ
721 1670 779 1734 ἐὰν
795 1718 802 1733 .
820 1718 853 1734 ..
884 1669 941 1735 οἷοι
968 1668 1013 1756 μή
1041 1665 1185 1756 ω’φελετν
1210 1670 1269 1735 τὸν
1298 1668 1408 1750 ἀγῶνα
1436 1670 1493 1736 οἶά
1513 1677 1550 1737 τέ

378 1773 449 1837 ἐστι
466 1820 474 1837 .
492 1820 517 1849 .,
553 1766 680 1859 α’φέλῃς
713 1773 769 1857 τῆς
803 1772 985 1859 διηγήσεως
1016 1777 1188 1859 respiciunt.
1232 1776 1393 1856 quominus
1420 1786 1450 1840 et
1477 1778 1548 1841 baec

378 1878 519 1960 particula
547 1879 599 1955 (ἐξ
616 1879 804 1954 117-120)
835 1888 864 1942 et
890 1880 937 1941 illa
965 1883 1013 1956 (ἐξ
1031 1879 1221 1958 tac-128)
1247 1880 1348 1942 Neocli
1374 1880 1546 1956 vlndicetur,

377 1981 500 2046 verbum
523 1983 608 2064 φασί
637 1982 682 2044 bis
712 1982 869 2062 utrobique
895 1983 1047 2046 inventum
1076 2002 1137 2044 non
1160 1983 1266 2044 obstat.
1311 1983 1412 2044 eadem
1435 1985 1547 2047 ratione

378 2088 464 2169 φασί
490 2085 538 2146 hic
566 2085 677 2148 dictum
705 2095 751 2148 est
776 2095 864 2166 atque
885 2088 909 2148 Ε
930 2087 1026 2161 211„
1059 2088 1154 2161 1611,
1182 2088 1260 2160 14³,
1287 2086 1338 2148 ubi
1365 2105 1400 2148 eo
1429 2084 1546 2164 quidam

378 2200 512 2252 auctores
541 2207 644 2251 eorum
673 2190 839 2263 rhetorum,
867 2190 974 2270 quibus
998 2191 1128 2270 singulae
1151 2199 1248 2270 partes
1271 2190 1429 2263 debentur,
1458 2188 1547 2267 signi-

379 2294 514 2355 ficantur.
559 2292 638 2353 1322
655 2327 679 2364 15
709 2293 800 2374 igitur
821 2304 889 2355 ante
911 2295 1163 2356 enumerationem
1187 2303 1327 2373 quattuor
1348 2293 1548 2355 narrationem

379 2395 634 2478 praetermittendi
656 2415 810 2458 causarum
834 2397 906 2458 baec
928 2401 989 2459 lere
1010 2398 1097 2459 verba
1123 2395 1199 2481 (καὶ
1215 2393 1361 2478 Νεοκλῆς
1384 2391 1444 2477 μέν
1466 2412 1549 2478 φησι

382 2495 545 2573 πολλάκις
570 2498 630 2581 cq'v
659 2495 814 2582 διήγησιν
842 2497 913 2564 δεῖν
938 2496 1204 2583 παραιτεῖσθαι)
1237 2501 1286 2572 (cl.
1309 2500 1332 2561 Ε
1352 2503 1369 2574 ἓ
1390 2499 1444 2578 21)
1471 2500 1548 2562 desi-

382 2605 563 2665 derarentur.
595 2611 625 2664 at
639 2603 795 2683 Epitomen
817 2603 863 2665 bis
878 2604 1005 2667 similem
1021 2605 1162 2666 iacturam
1179 2603 1325 2684 accepisse
1341 2601 1434 2663 multo
1451 2602 1549 2663 miuus

381 2703 532 2787 probabile
559 2714 604 2767 est
629 2725 717 2786 quam
748 2707 970 2789 epitomatorem
994 2709 1117 2770 Cornuti
1137 2706 1217 2770 Artis
1247 2705 1378 2771 ordInem
1409 2705 1450 2766 ita
1479 2725 1549 2768 con-

382 2809 509 2882 fudisse,
540 2817 575 2870 ut
595 2809 697 2883 verba,
725 2829 799 2890 quae
826 2811 988 2892 supplenda
1015 2831 1078 2874 esse
1099 2809 1259 2872 Finclrhius
1283 2818 1313 2871 et
1334 2827 1389 2870 nos
1411 2809 1548 2883 disimus,

382 2913 446 2975 suis
468 2911 539 2974 locis
563 2913 665 2974 deesse
687 2913 864 2976 viderentur.

465 3016 548 3088 Quae
570 3014 721 3095 dispositio
745 3017 870 3079 duarum
892 3018 1021 3099 partium
1044 3019 1074 3080 in
1098 3016 1220 3080 Cornuti
1235 3017 1304 3076 Arte
1325 3016 1423 3084 fuerit,
1446 3016 1549 3078 collato

381 3119 477 3200 primo
508 3119 543 3181 de
572 3117 741 3180 inventione
769 3131 849 3183 tomo
878 3122 1006 3202 adparet.
1051 3122 1101 3184 ubi
1129 3121 1207 3184 enIm
1236 3120 1271 3180 de
1293 3119 1550 3199 praetermissione

381 3222 525 3304 prooemii
551 3221 660 3301 agitur,
694 3223 823 3302 primum
851 3225 965 3288 Neoclis
992 3226 1079 3288 verba
1107 3225 1156 3306 (ἐξ
1172 3224 1336 3297 21-25),
1371 3233 1433 3285 tum
1463 3224 1549 3286 verba

381 3327 641 3408 Apollodoreorum
665 3328 713 3401 (ἓὲ
730 3327 893 3408 26-29),
922 3329 1047 3409 deniqne
1075 3330 1162 3391 verba
1185 3327 1339 3391 Alexandri
1360 3330 1397 3403 ἐξ
1417 3327 1550 3389 30-35

381 3431 564 3493 adleruntur.
600 3430 764 3492 Cornutum
786 3432 885 3512 ipsum
908 3435 988 3495 hunc
1010 3433 1143 3503 ordinem
1166 3432 1335 3494 adhibuisse
1357 3441 1470 3493 certum
1496 3441 1549 3503 est,

382 3554 450 3596 cum
470 3532 597 3594 dubitari
620 3551 680 3594 non
695 3535 798 3614 possit,
822 3538 893 3617 quin
910 3537 1058 3599 Cornutus
1076 3536 1338 3618 Apollodoreorum
1354 3543 1383 3596 et
1397 3534 1550 3596 Alexandri

381 3638 468 3699 verba
491 3655 527 3696 ex
549 3654 609 3697 uno
632 3638 794 3718 eodemque
820 3641 906 3713 libro,
929 3661 965 3702 ex
981 3641 1135 3703 Alexandri
1153 3649 1225 3714 arte,
1248 3637 1446 3719 descripserit.
1474 3657 1549 3718 quae

381 3760 443 3803 non
470 3738 566 3801 verbis
593 3758 610 3800 a
632 3739 746 3803 Neoclis
776 3752 838 3807 arte
859 3745 991 3825 repetitis
1014 3743 1122 3818 dIrimi‚
1150 3743 1201 3805 scd
1229 3744 1300 3804 baec
1322 3760 1457 3803 seorsum
1480 3749 1550 3802 ante

382 3853 434 3908 aut
456 3853 524 3924 post
544 3841 593 3904 illa
615 3844 750 3907 collocari
772 3857 1003 3909 consentaneum
1020 3857 1090 3909 erat.
1124 3847 1192 3909 inde
1208 3847 1369 3926 colligimus
1385 3844 1549 3906 Cornutum

382 3944 565 4011 insecundo
588 3946 624 4006 de
646 3947 814 4013 inventione
837 3961 917 4013 tomo
940 3952 1017 4013 baud
1040 3951 1095 4013 alia
1116 3951 1228 4013 ratione
1243 3968 1330 4012 usum
1347 3967 1421 4010 esse.
1454 3956 1551 4028 partes

383 4071 452 4132 ergo
468 4048 590 4110 Cornuti
605 4050 694 4123 Artis,
717 4055 824 4134 quibus
845 4056 882 4118 de
904 4053 1161 4136 praetermissione
1183 4063 1213 4116 et
1235 4055 1270 4116 de
1292 4054 1356 4114 loco
1377 4051 1551 4114 narrationis

383 4154 532 4236 agebatur,
554 4149 611 4212 hoo
634 4158 719 4218 modo
743 4159 899 4240 dispositae
922 4169 1017 4220 erant:

384 4260 489 4341 prioris
537 4257 629 4333 partis
675 4264 806 4344 primum
851 4264 947 4325 locum
988 4261 1102 4324 Neoclis
1139 4269 1345 4340 praeceptum,
1396 4268 1428 4318 ut
1466 4275 1552 4337 saepe

385 4369 512 4431 narratio
540 4368 740 4442 omitteretur,
768 4367 846 4447 quod
874 4375 1029 4447 praecepto
1058 4369 1076 4440 ξ
1099 4363 1138 4424 21
1170 4359 1330 4435 πολλάκις
1352 4360 1406 4423 δεῖ
1428 4381 1552 4443 παραι-
