3586 5260
723 440 936 501 ..35-

244 611 426 688 ἀπόλυσις,
455 617 608 696 μείωσις,
640 611 835 688 ὑπόστασις.
894 616 962 678 181.
993 620 1100 699 κρίσις
1137 614 1174 678 δὲ
1203 614 1416 699 ληφθήσεται

245 712 314 779 ἀπὸ
338 717 440 791 θεῶν,
458 713 526 780 ἀπὸ
541 714 668 800 η’ρῶων,
693 715 760 781 ἀπό
778 721 1006 802 συγγραφέων,
1027 717 1096 781 ἀπὸ
1113 715 1322 803 φιλοσόφων,
1347 712 1417 782 ἀπὸ

247 819 403 901 ποιητῶν.
645 815 649 824 ’

334 922 403 985 182.
438 919 479 986 Oi
506 921 566 1003 μὲν
591 922 804 999 γενικώτατοι
833 922 934 988 τόποι
963 917 1069 993 οὗτοι·
1094 921 1171 988 οὐδὲ
1197 922 1261 1005 γάρ
1290 921 1420 988 οἷόντε

212 1035 228 1090 5
247 1027 303 1090 νῦν
326 1025 402 1104 περὶ
426 1021 584 1088 ἁπάντων
606 1025 727 1103 λέγειν,
751 1023 826 1090 ἀλλ’
850 1025 964 1101 ἁπλῶς
988 1028 1035 1101 εἷς
1056 1025 1187 1091 ἔννοιαν
1215 1023 1339 1110 ἄγομεν
1361 1027 1420 1091 τοῦ

248 1126 454 1212 πράγματος,
478 1127 553 1190 ἐπεὶ
574 1129 630 1190 καὶ
653 1124 733 1192 ὅταν
754 1129 900 1213 λέγωμεν
921 1130 993 1194 δεῖν
1016 1139 1156 1193 σκοπεῖν
1179 1131 1302 1206 αἰτίαν,
1326 1126 1419 1214 ὕλην,

247 1228 387 1313 ἀγωγήν,
411 1226 470 1310 onix
493 1228 536 1305 ῶς
559 1230 594 1294 ἐκ
617 1230 740 1298 τουτων
762 1232 873 1316 μόνων
895 1231 1116 1316 ἐλεγχομένων
1136 1235 1199 1295 τῶν
1219 1229 1423 1298 ἀδικούντων

248 1337 373 1418 φαμέν·
397 1330 517 1397 πολλοὶ
538 1336 601 1418 γὰρ
625 1337 680 1398 καὶ
703 1333 770 1400 ἀπὸ
793 1333 966 1419 χρω’ματος
994 1336 1049 1398 καὶ
1073 1334 1237 1421 σχήματος
1258 1333 1419 1421 ἠλέγχθη-

249 1455 326 1502 σαν·
350 1433 434 1499 ἀλλὰ
456 1436 504 1499 δι’
528 1435 635 1503 αὐτῶν
658 1435 769 1523 ῶσπερ
793 1442 841 1514 εἰς
864 1439 994 1504 ἔννοιαν
1015 1439 1082 1502 τῶν
1104 1434 1190 1502 ὅλων
1212 1436 1344 1522 ἄγομεν.

197 1552 230 1605 10
336 1538 406 1601 183.
440 1547 503 1603 Δεῖ
525 1540 562 1603 δὲ
585 1535 710 1604 εἰδέναι
734 1537 785 1606 ὅτι
810 1540 919 1605 πάντα
941 1542 984 1605 τά
1006 1544 1229 1625 προειρημένα
1256 1541 1340 1605 κατά
1362 1542 1423 1606 δύο

247 1639 391 1725 τρόπους
419 1641 511 1706 ἔσται
537 1641 683 1728 χρήσιμα
712 1645 770 1708 ἐπὶ
799 1638 1009 1729 ζητημάτων,
1039 1643 1109 1708 οἷον
1138 1649 1334 1728 προκείσθω
1371 1643 1425 1731 ζή-

248 1767 349 1829 τημα·
382 1747 413 1808 εἰ
446 1743 464 1829 ἡ
499 1745 599 1831 ἡδονὴ
634 1745 766 1825 ἀγαθόν
791 1746 830 1832 (ἢ
854 1745 912 1812 οὐκ
936 1745 1101 1830 ἀγαθόν>.
1155 1747 1212 1812 ἐὰν
1237 1745 1336 1832 (μὲν)
1361 1751 1424 1833 γὰρ

249 1845 444 1933 θελήσωμεν
466 1845 562 1913 τοῦτο
586 1847 778 1925 ἀποδείξαι,
802 1849 837 1913 ἐκ
859 1851 919 1914 τοῦ
940 1845 1020 1934 ὅρου
1043 1852 1099 1935 τῆς
1114 1847 1232 1935 ἡδονῆς
1253 1850 1423 1938 ἐπιχειρή-

250 1969 364 2034 σομεν,
399 1951 472 2015 οἷον
505 1949 556 2016 ὅτι
585 1949 606 2036 ἤ
634 1950 734 2037 ἤδονη
764 1949 1039 2028 ἀποκατάστασίς
1068 1953 1158 2018 ἐστιν
1185 1953 1219 2016 ἐκ
1246 1956 1311 2020 τῶν
1333 1955 1426 2039 παρὰ

201 2069 232 2124 15
252 2054 354 2139 φύσιν
374 2057 421 2130 εἷς
443 2049 547 2140 φύσιν
569 2053 706 2119 ἑκάστου
728 2055 787 2139 τήν
809 2052 923 2130 αὑτοῦ,
946 2055 989 2118 τὰ
1010 2055 1047 2119 δὲ
1070 2056 1106 2130 ἐξ
1125 2053 1425 2132 ἀποκαταστάσεως

251 2156 360 2244 ἀτελῆ,
386 2156 418 2243 [ἦ
441 2158 478 2222 δὲ
500 2154 635 2242 τοιαύτη
659 2155 760 2243 ἡδονη
784 2156 927 2243 ἀτελής],
950 2161 987 2222 τό
1012 2159 1046 2222 δ’
1069 2157 1180 2234 ἀτελὲς
1196 2157 1255 2225 oria
1272 2158 1422 2239 ἀγαθόν·

321 2291 332 2338 1
353 2284 493 2352 ἀπόλυσις,
509 2293 624 2423 ηιείωσις
641 2291 732 2356 scripsi
751 2290 837 2356 Quint.
852 2291 927 2341 duee:
945 2295 1055 2359 μείωσις
1066 2283 1243 2349 ἀπόκλισιςΡ
1296 2291 1311 2341 8
1329 2292 1426 2344 πολλοὶ

252 2358 303 2436 ὃμη
317 2357 483 2409 πολιτικολΡ
541 2353 676 2425 σχήματος
694 2360 801 2425 soripsi:
820 2357 975 2430 ῥήματοςΡ
999 2359 1008 2426 ΙΙ
1029 2357 1218 2427 ἠλέχθησανΡ
1236 2361 1358 2422 eorrSeg
1409 2362 1425 2411 9

220 2425 521 2561 ηηηηήεςνηηιῐήηηὸι
575 2428 605 2476 12
629 2423 676 2478 rsa·
698 2424 752 2497 γὰρ
776 2427 844 2496 (μὴ)
864 2429 915 2492 seg
970 2431 999 2480 ιε
1021 2425 1136 2478 onwan
1155 2429 1255 2493 anseg
1308 2429 1337 2480 ιε
1360 2425 1424 2492 η-

317 2605 479 2670 ἀπόλυσις
497 2613 592 2663 dieitnr
610 2613 640 2662 ab
655 2616 735 2664 Anax.
755 2613 808 2664 τῶν
819 2604 1000 2680 ὑπαρχόντων
1016 2615 1105 2666 κακῶν
1115 2610 1247 2680 ἀποβολή,
1265 2616 1295 2665 ab
1309 2616 1424 2668 Aristide

251 2679 383 2749 ἀποφυγὴ
411 2680 465 2732 τῶν
493 2675 680 2747 περιεστώτων
704 2682 801 2733 κακῶν.
839 2680 916 2745 §181
936 2681 1003 2732 Theo
1028 2684 1058 2733 de
1080 2686 1136 2734 loeo
1159 2683 1281 2733 communi
1299 2685 1424 2751 praecipit

250 2750 316 2817 Spll
335 2752 384 2802 108
396 2765 422 2804 aa
444 2748 499 2802 εἶτα
521 2748 549 2801 ἔκ
571 2748 617 2814 τῆς
637 2769 653 2801 κ
671 2754 750 2806 ίσεως
771 2750 930 2824 (ἐπιχειρεῖν
948 2748 1002 2814 dan]
1020 2746 1077 2816 ’ήτοι
1095 2753 1252 2820 νομοθετῶν
1269 2746 1286 2817 ἢ
1305 2755 1426 2819 ποιητῶν

249 2813 265 2882 ἢ
285 2820 382 2888 σοφῶν
399 2812 504 2890 ἀνδρῶν
525 2811 636 2903 γυόμας
653 2768 780 2885 λέγοντες,
801 2825 862 2870 οἱον
883 2817 933 2870 md.
968 2819 985 2883 ξ
1005 2821 1051 2872 183
1075 2825 1272 2888 προκείσθω
1296 2819 1424 2890 ζήτημα

250 2887 303 2938 aad
320 2889 401 2938 Arist.
421 2887 481 2969 Top.
497 2885 550 2937 lll
579 2900 634 2938 εστι
661 2887 691 2939 δὲ
713 2889 766 2958 τῶν
788 2877 986 2959 προβλημάτων
1009 2884 1041 2938 τὰ
1062 2886 1113 2955 μὲν
1134 2879 1255 2940 καθόλου
1278 2885 1308 2939 τὰ
1334 2887 1358 2939 δ’
1377 2890 1424 2942 ἐπὶ

250 2957 358 3027 μέρους.
394 2955 518 3005 καθολου
543 2954 593 3024 μὲν
619 2950 669 3007 οὖν
695 2950 817 3026 otoo—tu
839 2955 917 3006 πᾶσα
940 2952 1024 3038 ἡδονη
1047 2953 1155 3024 ἀγαθὸν
1177 2959 1223 3008 καλ
1244 2951 1286 3008 ότι
1312 2951 1423 3024 οὐδεμία

250 3018 336 3086 ἡδονὴ
362 3017 476 3090 ἀγαθόν,
498 3024 544 3076 ἐπὶ
564 3022 663 3094 μέρους
685 3023 714 3074 δὲ
734 3030 795 3075 otoo
815 3020 857 3076 ὅτι
875 3024 932 3076 ἔστι
949 3042 991 3081 τις
1008 3022 1095 3088 ηδουὴ
1113 3021 1223 3094 ἀγαθὸν
1241 3026 1286 3075 καλ
1305 3021 1348 3075 ὅτι
1365 3025 1425 3078 ἔστι

250 3108 288 3147 τις
310 3087 394 3156 ἡδονὴ
418 3086 469 3141 οὐκ
492 3085 611 3158 ἀγαθόν.
647 3095 761 3158 quaestio
783 3094 910 3144 aNeoele
929 3101 1040 3144 tractata
1057 3093 1095 3160 τῷ
1113 3087 1236 3145 καθόλου
1254 3086 1425 3162 προβλήματι

252 3161 403 3211 Aristotelis
430 3162 574 3225 respondet,
602 3177 657 3211 nam
680 3157 697 3225 ἡ
721 3157 803 3225 ἡδονή
826 3163 891 3212 idem
910 3164 982 3212 valet
1003 3164 1068 3227 quod
1090 3162 1168 3212 πᾶσα
1191 3153 1287 3228 ἡδονή,
1323 3163 1423 3213 τοῦτο

251 3225 431 3287 ἀποδεῖξαι
449 3228 500 3279 aad
523 3229 626 3281 eandem
649 3229 892 3294 argumentationem
910 3231 992 3280 Arist.
1011 3231 1069 3280 Eth.
1087 3231 1143 3281 llio.
1156 3229 1200 3282 Vll
1221 3231 1250 3282 11
1271 3233 1376 3297 exponit
1397 3239 1423 3282 et

251 3313 288 3363 ep.
310 3298 339 3349 12
367 3296 473 3347 refellit.
509 3298 676 3348 Aristotelem
704 3301 750 3348 hae
778 3299 948 3365 disputatione
976 3298 1132 3349 Platonicam
1158 3301 1282 3349 rationem
1309 3297 1424 3350 relutare

250 3365 347 3416 Zellius
374 3366 400 3414 in
428 3367 608 3416 commentario
631 3366 687 3416 lltln
706 3366 761 3417 Nic.
781 3383 803 3432 p.
817 3369 875 3431 302,
894 3367 945 3417 309
968 3368 1131 3418 demonstrat.
1167 3366 1240 3419 Plato
1268 3368 1334 3417 enim
1361 3369 1424 3419 dieit

251 3432 348 3484 Phileb.
363 3433 419 3484 530
437 3427 480 3484 ἀεὶ
495 3436 599 3500 γένεσίς
615 3434 689 3486 ἐστιν
706 3431 811 3498 (ἡδονή)
830 3444 855 3486 et
868 3435 901 3486 ib.
915 3435 971 3485 42ss
990 3436 1035 3499 τῆς
1047 3426 1154 3503 φάσεως
1165 3434 1287 3487 ἑκάστων
1299 3434 1423 3504 διαφθει-

251 3502 367 3571 ρομένης
387 3501 477 3570 μὲν..
496 3503 584 3552 λῦπαί
605 3519 634 3554 τε
652 3505 696 3554 καλ
714 3495 899 3570 ἀλγηδόνες..
916 3505 1055 3571 ξυμβαίνει
1072 3499 1220 3574 γιγνόμενα
1233 3543 1239 3554 .
1253 3541 1267 3567 .,
1291 3506 1328 3561 ελς
1346 3503 1378 3555 δέ
1391 3521 1424 3571 γε

250 3568 300 3633 τὴν
322 3567 412 3622 αὐτῶν
434 3566 518 3637 φύσιν
539 3566 605 3621 ὅταν
622 3573 789 3637 καθιστῆται,
813 3563 909 3637 ταύτην
932 3565 966 3622 αὖ
983 3569 1030 3637 τὴν
1052 3567 1217 3624 κατάστασιν
1236 3569 1338 3637 ἡδονὴν
1355 3568 1423 3625 ἀττε-

252 3629 392 3706 δεξάμεθα
417 3637 483 3708 παρ’
505 3635 585 3707 ἡμῶν
610 3637 705 3692 αὐτῶν.
742 3641 855 3692 Platonis
878 3655 939 3702 ergo
962 3642 1055 3707 placita
1077 3642 1183 3692 subsunt
1200 3643 1422 3706 argumentationi,

267 3723 323 3758 uam
335 3709 416 3758 Arist.
429 3710 446 3759 1.
460 3709 476 3758 l.
490 3724 513 3772 p.
530 3708 614 3757 1152t1
627 3725 652 3762 τε
664 3710 704 3759 his
719 3710 806 3760 verbis
819 3710 929 3776 explieat
948 3706 998 3760 οὐκ
1016 3705 1125 3776 ἀγαθὸν
1136 3704 1268 3774 (ἡδονήν),
1290 3705 1333 3759 ότι
1346 3711 1423 3760 πᾶσα

251 3773 333 3840 ηδονὴ
359 3780 463 3846 γένεσίς
488 3773 560 3829 ἐστιν
585 3779 622 3834 εἰς
648 3770 732 3845 φύσιν
755 3769 880 3843 αἰσθητή,
907 3775 1021 3843 οὐδεμία
1043 3777 1072 3830 δὲ
1093 3780 1196 3846 γένεσις
1217 3773 1348 3844 συγγενὴς
1366 3781 1424 3834 τοῖς

251 3846 364 3909 τέλεσιν,
377 3849 437 3896 οἱον
450 3840 564 3909 οὺδεμία
577 3837 749 3914 οἰκοδόμησις
761 3847 842 3912 οἰκίη.
863 3862 910 3912 qno
923 3847 980 3895 huic
993 3847 1205 3908 argumentationi
1218 3847 1288 3896 illam
1301 3863 1315 3896 a
1327 3846 1423 3897 Neoele

251 3915 369 3964 traditam
389 3930 437 3963 non
456 3915 583 3965 diversam
603 3930 659 3964 esse
683 3916 739 3964 luco
757 3916 852 3966 elarius
870 3916 1000 3979 adpareat,
1026 3916 1167 3980 adponatnr
1186 3915 1334 3978 Andronici,
1360 3931 1422 3980 quae

253 3983 404 4048 nominatur,
427 3983 589 4048 paraphrasis
608 3983 689 4033 Arist.
708 3984 843 4033 verborum
861 3984 899 4033 ed.
919 3983 999 4033 Oxou.
1019 4000 1041 4048 p,
1055 3986 1105 4033 3511
1124 3984 1151 4034 ολ
1166 3981 1217 4051 μὲν
1236 3977 1286 4034 οὖν
1303 3983 1423 4050 λέγοντες

250 4051 388 4168 γηηδεμηην
405 4047 505 4169 ῆηηυὴν
522 4046 633 4167 ἀγαθὸη
651 4049 720 4171 εἶηαι
738 4047 827 4169 οδττηςδ
837 4051 1007 4170 ἔπεχηίρημν·
1031 4052 1114 4172 ιπηῖηια
1123 4047 1215 4172 galgad
1229 4052 1333 4171 ητένηηίς
1346 4049 1424 4172 {pag

251 4133 346 4244 {isaii
364 4125 635 4253 tltatt'tptt
648 4137 677 4251 ’λ
690 4136 775 4253 iiie}
789 4135 1004 4255 ttlttlttt
1021 4137 1139 4255 ἔμελ.
1152 4137 1164 4172 ⁶
1176 4136 1323 4252 λιλξάί
1336 4139 1423 4238 ελε-

252 4253 456 4313 κατάστασις
478 4255 532 4307 κτὲ
557 4258 618 4307 lano
643 4257 815 4308 definitionem
839 4273 852 4308 e
875 4258 1008 4308 Platonica
1031 4273 1105 4323 supra
1129 4257 1258 4322 adscripta
1283 4257 1422 4307 derivatam

254 4338 310 4374 esse
327 4325 416 4391 liquet.
452 4328 537 4377 eadem
556 4325 637 4376 Arist.
651 4326 732 4377 utitur
751 4326 821 4377 llhet.
838 4325 924 4377 istob
937 4339 962 4379 aa
980 4321 1137 4377 tuenstuens
1155 4321 1188 4390 δὴ
1204 4321 1272 4392 ἡμῖν
1288 4322 1358 4377 εἶναι
1375 4321 1424 4389 τὴν

253 4387 355 4472 ηδομὴυ
372 4396 477 4456 κίνησίν
495 4410 555 4446 τινα
573 4392 619 4458 τῆς
637 4395 726 4461 ψυχῆς
742 4395 789 4444 καὶ
807 4391 972 4445 κατάστασιν
989 4385 1099 4463 ἀθρόαν
1116 4394 1161 4444 καλ
1179 4391 1314 4460 αἰσθητὴν
1325 4395 1363 4451 εἰς
1374 4390 1423 4460 τὴν

253 4476 434 4528 υπαρχουσαν
452 4459 542 4530 φύσιν.

1210 4548 1244 4603 3*
