3590 5262
700 433 742 442 -
788 397 862 500 LlII
908 435 949 445 -

240 575 327 636 etiam
352 576 443 652 ligura
466 570 702 658 παραλείψεως
724 575 799 636 ellici
823 576 940 638 dixisse.
973 597 1068 658 neque
1091 580 1167 640 enim
1185 581 1260 641 bauo
1274 582 1409 660 figuram,

241 699 315 759 quae
348 678 483 741 brevitati
515 697 583 739 sane
610 677 766 739 utilissima
795 688 853 752 est,
885 681 914 742 iu
945 683 1166 744 enumeratione
1194 683 1322 756 defuisse
1349 687 1410 747 veri

241 785 336 846 simile
351 792 405 846 est.
429 778 521 862 quid?
544 782 621 860 quod
645 779 881 866 παραλείψεως
905 785 1014 846 mentio
1037 786 1070 846 lit
1091 785 1122 847 in
1145 788 1291 867 corruptis
1313 789 1409 850 verbis

240 888 355 957 1316,
385 884 537 970 ποιήσεις
566 882 602 948 δὲ
629 887 809 966 συντομίαν
835 885 890 948 καὶ
919 884 992 949 οὔτε
1020 887 1088 949 κατ’
1111 886 1259 971 ἔμφασιν
1281 913 1410 974 παρα-

241 987 412 1073 λείψεως
439 988 561 1067 λέγεις,
596 982 638 1061 ὥς
667 983 685 1050 ὁ
714 992 936 1072 Δημοσθένης
969 992 1023 1065 (19
1046 995 1063 1066 ξ
1087 991 1157 1068 192)
1185 990 1320 1077 «ἐπειδὴ
1346 993 1409 1077 γὰρ

242 1089 328 1155 siler
344 1089 507 1157 Ὄλυνθον
534 1090 730 1163 dilemma>-
774 1112 849 1172 quae
871 1094 958 1156 verba
981 1095 1127 1175 Kayserus
1150 1095 1244 1158 deleto
1267 1098 1408 1160 vocabulo

242 1194 477 1279 παραλείψεως
500 1195 596 1258 sanari
617 1213 704 1275 posse
727 1195 913 1258 existimavit.
946 1207 977 1260 at
998 1199 1235 1280 interpolatorem
1253 1201 1309 1263 boc
1323 1221 1409 1264 voca-

242 1300 342 1361 bulum
366 1299 512 1362 addidisse
535 1298 602 1378 quis
624 1296 744 1359 credat?
788 1299 819 1360 in
843 1299 966 1362 Cornuti
988 1303 1058 1364 Arte
1081 1303 1168 1365 etde
1190 1304 1282 1383 ligura
1305 1327 1410 1386 παρα-

240 1398 383 1485 lutulena
405 1411 435 1464 et
457 1404 491 1465 de
514 1411 600 1482 tropo
623 1399 798 1484 ἐμφάσεως
819 1404 906 1466 verba
929 1407 1004 1467 l'acta
1026 1414 1056 1466 et
1078 1424 1110 1466 ea
1130 1403 1160 1466 in
1176 1405 1311 1486 Epitoma
1327 1409 1410 1470 loede

241 1509 363 1570 contusa
390 1525 454 1569 esse
484 1507 577 1568 multo
608 1505 775 1567 credibilius
803 1517 855 1568 est.
902 1508 1028 1587 genuina
1055 1516 1153 1571 autem
1184 1511 1271 1572 verba
1294 1511 1409 1574 restitui

242 1630 329 1691 posse
352 1611 551 1690 desperamus.

328 1714 469 1776 Venimus
491 1715 527 1776 ad
550 1721 703 1794 praecepta
725 1713 761 1774 de
784 1712 962 1776 obscuritate
985 1715 1060 1776 data.
1106 1723 1139 1776 ut
1160 1715 1239 1776 enim
1262 1718 1409 1796 quomodo

243 1818 372 1880 narratio
395 1817 520 1879 dilucida
542 1818 593 1878 liat
615 1817 766 1890 doceatur,
797 1818 859 1898 topi
882 1817 1086 1892 obscuritatis,
1116 1818 1166 1897 qui
1190 1819 1320 1898 fugiendi
1342 1821 1410 1896 sint,

244 1929 465 1984 enumerantur.
521 1921 608 1983 modo
642 1940 708 1983 cum
743 1921 856 1982 Neoclis
890 1921 1165 2002 quadripartitiones
1200 1922 1409 2002 colligeremus,

243 2033 382 2106 quattuor
405 2025 440 2085 de
462 2024 639 2085 obscuritate
661 2043 677 2085 e
699 2024 788 2085 rebus
810 2024 941 2086 facienda
957 2034 1109 2106 praecepta
1125 2044 1189 2086 esse
1205 2026 1410 2088 contendimus

243 2129 350 2191 codicis
363 2129 385 2189 P
401 2128 574 2190 anctoritate
589 2126 658 2202 nixi,
675 2127 706 2188 in
722 2147 781 2206 quo
796 2127 971 2207 praepositis
986 2129 1118 2189 numeris
1134 2127 1265 2209 πρῶτον
1279 2129 1303 2189 Ε
1321 2130 1358 2191 16
1374 2162 1409 2204 20,

243 2230 395 2314 δεύτερον
423 2233 461 2291 17
480 2263 505 2304 2,
539 2231 649 2311 τρίτον
673 2233 772 2305 1710,
805 2231 959 2311 τέταρτον
984 2232 1021 2291 17
1040 2264 1066 2301 11
1093 2240 1232 2310 quattuor
1258 2240 1410 2312 praecepta

243 2336 475 2416 distinguuntur,
499 2352 626 2412 quornm
649 2334 746 2414 primo
768 2331 935 2412 ignobilitas
959 2334 1096 2395 materiae
1119 2353 1205 2395 causa
1222 2335 1409 2396 obscuritatis

243 2459 307 2501 esse
330 2439 450 2511 dicitur,
474 2437 603 2498 secundo
625 2437 805 2517 perturbatio
828 2456 929 2498 rerum
951 2437 1072 2509 ordinis,
1097 2437 1183 2500 tertio
1207 2438 1326 2499 omissio
1349 2438 1403 2500 ali-

242 2563 367 2623 quarum
391 2560 504 2614 rerum,
528 2547 632 2620 quarto
655 2539 806 2620 digressio.
852 2540 967 2602 duobus
990 2538 1130 2603 extremis
1153 2540 1315 2621 praeceptis
1339 2541 1409 2602 solis

242 2647 319 2728 apud
341 2647 383 2708 Α]
404 2646 482 2706 Wss
505 2644 609 2722 2192,
623 2675 648 2714 21
674 2644 791 2705 numeri
817 2644 936 2726 praefixi
965 2653 1036 2706 sunt
1065 2663 1160 2724 neque
1187 2651 1287 2705 autem
1314 2644 1408 2706 eidem

242 2749 293 2830 qui
316 2750 345 2810 in
368 2750 400 2823 P,
426 2750 478 2811 sed
501 2747 682 2830 paenultimo
703 2749 867 2829 τέταρτον,
890 2747 995 2809 ultimo
1018 2742 1180 2830 πέμπτον.
1223 2765 1292 2826 ergo
1314 2767 1410 2810 enun-

242 2855 347 2915 tiatum
370 2853 394 2913 E
418 2853 453 2912 l7
474 2884 487 2922 0
514 2859 610 2913 ποιεῖ
636 2848 674 2913 δὲ
700 2845 869 2931 ἀσάφειαν
896 2846 952 2912 καὶ
974 2849 1011 2913 τὸ
1033 2851 1096 2914 τῶν
1119 2848 1227 2915 αὐτῶν
1249 2848 1411 2925 πολλάκις

243 2955 435 3038 μεμνῆσθαι
463 2955 498 3017 ab
520 2955 618 3016 xtbus
644 2954 708 3016 loco
734 2954 814 3015 tertii
841 2954 988 3035 praecepti
1015 2955 1147 3016 habitum
1179 2963 1232 3016 est.
1276 2954 1302 3016 si
1324 2955 1409 3017 lectio

242 3059 334 3121 bJum
358 3059 483 3138 genuina
506 3067 599 3131 esset,
626 3057 655 3118 in
680 3057 702 3117 P
724 3058 888 3139 corruptela
911 3059 1092 3137 agnoscenda
1116 3068 1206 3132 esset,
1237 3076 1312 3136 quae
1334 3077 1408 3137 quo-

244 3162 330 3223 modo
352 3171 420 3222 nata
441 3161 481 3223 sit
501 3161 630 3240 intellegi
651 3161 763 3241 nequit.
796 3161 894 3241 itaque
914 3161 1050 3223 Neoclem
1072 3181 1111 3224 ne
1132 3162 1180 3223 hic
1202 3161 1319 3242 quidem
1342 3160 1408 3241 plus

242 3275 381 3346 quattuor
406 3263 569 3345 praeceptis
598 3265 711 3326 dedisse
743 3265 828 3326 nobis
856 3259 1066 3345 persuasimus.
1111 3262 1408 3344 TheoSp118024

242 3377 438 3449 praeceptum,
468 3386 506 3429 ne
532 3377 665 3450 tempora
687 3377 716 3430 et
739 3369 810 3430 ordo
831 3388 931 3431 rerum
953 3369 1175 3450 perturbentur,
1205 3387 1219 3427 a
1243 3376 1406 3447 praecepto,

242 3491 279 3532 ne
307 3471 406 3532 eadem
436 3471 480 3533 bis
508 3471 660 3546 dicantur,
692 3481 929 3554 separataeque
957 3471 1140 3545 dubitamus,
1173 3471 1244 3550 quin
1267 3479 1407 3532 auctora

242 3575 360 3636 Theoue
382 3583 411 3636 et
432 3574 537 3636 Neocle
558 3575 707 3637 adhibitus
731 3575 864 3638 similiter
886 3575 1114 3656 praescripserit.
1148 3573 1283 3635 Neoclem
1306 3583 1405 3634 autem

242 3678 357 3759 saepius
384 3677 450 3740 bina
477 3689 630 3759 praecepta
658 3680 786 3741 auctoris
814 3679 859 3740 sui
881 3679 912 3739 in
936 3697 1029 3740 unum
1053 3680 1233 3740 contraxisse
1256 3677 1406 3757 Epitomes

240 3782 390 3844 brevitatis
412 3783 574 3863 praeceptis
596 3801 663 3844 cum
680 3782 880 3845 Cornificianis
903 3782 1080 3862 comparatis
1096 3781 1295 3861 cognovimus.
1329 3799 1405 3841 eun-

240 3887 306 3948 dem
345 3886 594 3966 quadripartiendi
632 3886 729 3947 studio
767 3886 887 3948 ductum
930 3886 976 3948 illa
1014 3886 1072 3947 duo
1105 3884 1290 3946 obscuritatis
1320 3903 1405 3965 prae-

239 3999 320 4071 cepta
343 3990 601 4070 comprehendisse
623 3990 759 4052 credibile
780 3991 853 4052 est.l
901 3989 1015 4051 Neoclis
1037 3989 1126 4069 igitur
1147 3988 1234 4050 verba
1256 3989 1294 4049 ita
1317 3986 1403 4048 resti-

240 4129 545 4144 ——q

308 4225 317 4257 ¹
336 4222 562 4290 Quadriparticndi
586 4238 663 4273 causa
682 4221 790 4273 Neocles
815 4221 891 4272 etiam
909 4220 1073 4272 Anaximenis
1091 4227 1253 4287 praeceptum
1271 4235 1286 4270 a
1303 4217 1404 4270 Theona

239 4293 273 4359 Sp
290 4292 312 4343 Π
331 4292 401 4347 801³
423 4299 552 4342 servatum
572 4289 613 4353 (cl.
634 4308 657 4358 p,
674 4289 769 4354 XLIX)
791 4291 908 4341 omisisse
929 4299 956 4341 et
977 4290 1134 4353 allegoriam,
1157 4304 1230 4355 quaxn
1247 4287 1317 4340 Theo
1335 4288 1403 4354 Spll

240 4361 270 4412 81
287 4377 308 4425 a,
335 4362 377 4411 ubi
401 4364 432 4410 de
453 4362 636 4427 perspicuitate
654 4359 683 4413 ἐκ
700 4359 754 4410 τῶν
773 4357 938 4440 πραγμάτων
956 4357 1087 4409 efficienda
1106 4359 1200 4421 agitur,
1218 4366 1403 4423 commemorat,

239 4437 296 4481 nter
314 4446 355 4481 res
373 4431 528 4482 elocutionis
549 4429 726 4496 perspicuitati
746 4443 836 4479 noxias
856 4443 1015 4479 enumerasse
1036 4427 1160 4494 putandus
1179 4427 1236 4494 est:
