3590 5262
692 408 954 474 —LXV—

241 586 385 657 πίστεως
403 593 433 647 11
448 577 650 658 ἀποδείξεως
672 586 839 666 promiscue
862 587 1036 651 adhibentur
1059 590 1093 667 (E
1108 591 1149 651 42
1164 592 1256 673 1213),
1279 593 1308 654 id
1323 595 1400 674 quod

239 687 360 750 Neocles
381 687 449 749 alibi
472 708 590 768 quoque
613 689 680 750 fecit
704 689 739 765 (n
754 689 793 752 30
809 723 840 770 15,
854 690 903 770 27).

279 827 282 834 ·
324 790 419 866 §219
441 801 629 872 praeceptum
654 793 754 866 datur,
786 801 819 854 11
846 802 945 854 111111
967 794 1094 859 breviter
1114 798 1286 878 recapitulet
1306 817 1402 880 neque

239 902 338 973 aperte
360 913 390 956 se
413 895 602 975 recapitulare
625 895 710 956 dicat.
745 895 840 970 §220
863 896 894 958 in
915 899 1136 976 quaestionibus
1159 901 1401 964 coniecturalibus

239 997 508 1076 recapitulationem
546 998 765 1060 accusatoribus
798 1018 893 1078 neque
927 1017 994 1062 vero
1028 1004 1169 1065 accusatis
1203 1003 1303 1065 utilem
1339 1024 1402 1066 esse

241 1100 370 1162 docetur.
407 1102 494 1162 etiam
517 1101 573 1163 hoc
596 1111 755 1181 utrumque
776 1111 962 1184 praeceptum
982 1104 1081 1167 Neocli
1104 1107 1322 1169 attribuendum
1347 1117 1401 1170 est.

240 1205 360 1265 verbum
385 1204 462 1266 enim
487 1207 570 1288 φησί
585 1205 609 1266 Ε
624 1205 665 1265 42
680 1237 706 1275 21
727 1206 765 1267 ab
787 1207 887 1268 eodem
912 1207 1044 1270 subiecto
1066 1219 1152 1289 atque
1174 1211 1294 1272 verbnm
1319 1215 1403 1294 φησί

240 1307 361 1377 114211
384 1307 445 1386 regi
467 1309 527 1368 1111
551 1307 732 1369 simillimum
756 1319 814 1383 est,
837 1311 1008 1390 praesertim
1032 1331 1098 1373 cum
1122 1313 1242 1375 Neocles
1265 1315 1401 1377 brevibus

240 1410 401 1491 praeceptis
440 1410 500 1472 suis
535 1410 606 1472 tales
640 1411 799 1475 sententias
832 1413 972 1494 particula
1006 1412 1068 1497 γάρ
1101 1415 1264 1492 inchoatas,
1302 1419 1402 1498 quales

240 1519 275 1590 ξς
303 1513 378 1588 219,
413 1513 474 1575 220
515 1513 718 1588 inueniuntur,
756 1536 842 1597 saepe
878 1518 1048 1598 adposuisse
1081 1520 1315 1600 deprehendatur
1352 1524 1402 1602 (of.

240 1621 276 1693 ξς
292 1617 346 1689 24,
371 1617 425 1691 25,
450 1616 504 1688 82,
530 1617 612 1691 128).
657 1619 780 1693 1111111,
802 1621 878 1700 quod
900 1639 967 1702 pars
990 1621 1145 1702 utriusque
1166 1625 1312 1704 praecepti
1334 1644 1401 1686 cum

241 1721 336 1782 verbis
359 1719 530 1794 Quintiliani
552 1721 699 1782 consentit
721 1721 770 1801 (cf.
794 1724 1063 1804 commentarium),
1101 1744 1204 1787 omnes
1226 1737 1324 1789 autem
1347 1728 1402 1790 loci

241 1824 363 1888 Cornuti
385 1824 482 1895 Artis,
517 1823 567 1903 qui
593 1824 633 1885 ita
663 1844 729 1887 cum
757 1827 829 1888 locis
852 1828 1024 1902 Quintiliani
1046 1829 1233 1909 conspirant,
1268 1840 1301 1892 ut
1322 1831 1351 1892 hi
1374 1841 1404 1893 et

240 1929 281 1989 illi
304 1948 339 1990 ex
361 1929 461 1989 eodem
486 1939 605 1991 anctore
627 1929 754 2011 pendere
777 1932 900 2008 putandi
924 1932 992 2005 sint,
1019 1951 1036 1993 a
1058 1931 1163 1993 Neocle
1184 1933 1300 2014 repetiti
1322 1942 1401 2001 sunt.

325 2036 343 2107 ξ
365 2031 423 2092 221
453 2032 587 2112 Epitome
614 2033 650 2095 ab
677 2033 778 2094 ordine
801 2033 923 2096 Cornuti
945 2036 1025 2096 Artis
1053 2035 1184 2097 discedit.
1228 2055 1296 2098 nam
1327 2037 1403 2098 hanc

240 2136 394 2198 Alexandri
416 2137 452 2196 de
474 2136 721 2217 recapitulationis
745 2137 908 2199 elocutione
930 2139 1017 2200 verba
1040 2138 1069 2198 in
1096 2146 1175 2200 tomo
1191 2139 1270 2220 περὶ
1286 2137 1402 2214 λέξεως

240 2241 382 2321 inscripto
404 2239 572 2302 exhibuisse
594 2249 708 2302 certum
732 2249 784 2302 est.

327 2344 498 2423 Sequuntur
531 2353 663 2424 excerpta
697 2344 816 2406 alterius
848 2346 954 2425 partis,
988 2363 1062 2425 quae
1090 2346 1124 2406 de
1147 2345 1308 2407 adfectibus
1331 2357 1401 2408 1111.

241 2447 272 2509 11
294 2449 416 2511 Cornuti
438 2448 508 2509 Arte
530 2448 601 2509 haec
623 2449 662 2510 ita
685 2448 824 2529 disposita
847 2467 910 2508 esse
933 2448 1062 2522 videtur,
1097 2457 1131 2510 ut
1152 2449 1299 2529 primum,
1333 2449 1402 2529 quid

240 2559 339 2612 essent
365 2550 510 2624 adfectos,
547 2560 608 2613 tum
636 2553 785 2631 quomodo
813 2561 1001 2613 morerentur
1035 2562 1244 2633 exponeretur,
1278 2554 1402 2633 denique

240 2672 341 2715 eornm
366 2654 535 2716 oeconomia
557 2663 740 2717 tractaretur.
784 2655 814 2715 in
837 2654 970 2736 Epitoma
993 2657 1070 2717 enim
1094 2655 1222 2736 primum
1247 2656 1402 2718 Alexandri

240 2757 369 2819 definitio
396 2758 527 2820 adfectus
555 2758 685 2821 adfertur
713 2761 742 2835 (ᾖ
762 2758 838 2837 222)
866 2766 895 2820 11
917 2758 1031 2820 Neoclis
1058 2758 1189 2820 definitio
1212 2759 1402 2839 eiusdemque

240 2861 420 2923 enumeratio
448 2862 625 2936 adfectuum,
660 2863 709 2942 qui
735 2862 767 2923 in
797 2860 943 2942 epilogum
967 2862 1112 2942 quadrent
1134 2863 1183 2940 (§§
1200 2861 1401 2944 223-228).

240 2974 303 3025 tum
327 2964 362 3024 11
385 2965 551 3026 adfectuum
576 2965 749 3027 excitatione
764 2964 860 3043 agitur
876 2968 924 3041 (ἐς
940 2965 1131 3043 229--234).
1165 2966 1268 3027 collato
1283 2967 1400 3047 Apsinis

239 3067 323 3140 libro,
346 3068 376 3128 in
400 3087 458 3148 quo
481 3066 643 3147 largissima
667 3068 749 3149 copia
771 3079 992 3151 praeceptorum
1018 3070 1053 3130 de
1077 3068 1276 3130 misericordia
1301 3080 1329 3130 et
1350 3070 1402 3130 ad-

240 3171 362 3232 fectibus
385 3171 544 3232 excitandis
566 3172 631 3232 data
648 3172 995 3252 esttspl391—-406),
1018 3172 1048 3232 in
1065 3170 1186 3233 Cornuti
1200 3173 1271 3233 Arte
1286 3191 1402 3251 quoque

239 3275 404 3337 adfectuum
428 3275 629 3336 excitationem
653 3275 787 3355 pluribus
810 3284 960 3337 tractatam
980 3295 1043 3337 1111
1057 3275 1206 3355 probabile
1222 3275 1262 3335 lit.
1300 3275 1403 3354 exigua

238 3379 392 3460 particula,
420 3396 507 3458 quam
530 3377 664 3458 Epitome
691 3379 816 3454 exbibet,
845 3379 869 3440 si
897 3387 956 3440 tota
985 3398 1019 3439 ex
1046 3398 1105 3440 uno
1131 3378 1205 3440 libro
1228 3379 1257 3438 in
1282 3379 1403 3440 Cornuti

238 3482 338 3544 Artem
366 3483 554 3562 transscripta
587 3490 640 3556 est,
676 3482 837 3544 Alexandro
865 3482 1040 3562 adsignanda
1071 3491 1124 3543 est.
1169 3477 1403 3554 διατυπώσεως

238 3585 316 3646 enim
340 3583 499 3665 explicatio,
528 3603 601 3663 quae
623 3584 717 3659 §233
741 3594 827 3660 extat,
849 3585 927 3646 baud
951 3586 1062 3647 diversa
1085 3593 1130 3646 est
1151 3584 1187 3646 ab
1210 3603 1252 3658 ea,
1275 3586 1402 3665 quaein

238 3684 392 3750 Alexandri
418 3683 453 3747 de
480 3687 581 3766 figuris
606 3687 679 3748 libro
706 3688 796 3763 erat1,
830 3698 860 3751 et
886 3688 1014 3750 definitio
1041 3685 1277 3761 διατυπώσεως
1298 3689 1403 3758 utut

238 3791 337 3854 eadem
366 3789 479 3852 ratione
505 3790 704 3871 superioribus
728 3791 822 3852 verbis
847 3792 957 3853 adnexa
980 3801 1037 3865 est,
1068 3810 1124 3871 qna
1147 3792 1308 3853 Alexander
1335 3791 1403 3853 alibi

239 3914 312 3958 1111
334 3893 407 3955 esd.
451 3911 540 3972 quare
563 3893 689 3955 dubitari
711 3913 770 3955 non
793 3903 898 3975 potest,
921 3895 993 3974 quin
1016 3895 1110 3970 §233
1133 3895 1286 3956 Alexandri
1309 3894 1355 3956 sit.

307 4097 318 4130 ¹
336 4094 373 4146 Cf.
393 4101 539 4160 excerptum
560 4094 635 4144 huius
656 4093 718 4144 libri
736 4093 901 4160 8111112511
919 4085 1103 4151 donatiouem.
1118 4133 1125 4145 .
1142 4093 1221 4158 ἐστίν,
1245 4090 1310 4146 ὅταν
1323 4132 1347 4144 ..
1365 4091 1404 4161 μή

238 4161 301 4223 τοὺς
317 4155 415 4231 λόγους
431 4156 518 4233 μόνον
534 4163 579 4225 (=
591 4162 612 4212 u
625 4164 657 4212 45
670 4165 717 4227 ao),
738 4158 805 4213 ἀλλὰ
823 4164 868 4214 καὶ
885 4159 917 4213 τὰ
935 4157 1108 4234 ἔναργὴματα
1126 4163 1248 4225 (=ntc
1263 4165 1305 4225 1).
1319 4201 1325 4213 .
1344 4160 1404 4212 δια-

237 4227 398 4301 τυπώμεθα.
434 4232 548 4282 delinitio
575 4227 763 4288 ὅιαιυπώσεως
785 4232 849 4298 ipsa,
875 4247 936 4297 quae
960 4233 984 4282 io
1008 4232 1149 4282 Alexandri
1173 4232 1202 4282 de
1224 4232 1312 4296 liguris
1336 4231 1402 4282 libro

239 4310 303 4366 erat,
322 4303 346 4353 ei
365 4302 472 4367 quaein
491 4300 597 4351 Cornuti
614 4303 678 4351 Arte
697 4299 867 4363 adserebatur,
892 4317 940 4350 oon
960 4316 1063 4366 prorsus
1081 4316 1127 4366 par
1145 4309 1199 4352 erat
1216 4299 1260 4361 (cf,
1280 4315 1402 4351 commen-

238 4371 332 4421 tarium
350 4373 379 4421 11
399 4369 420 4419 Ε
438 4371 518 4429 461),
537 4369 580 4418 111
599 4377 684 4435 partes
703 4369 834 4434 utriusque
852 4371 1031 4431 congruebant.

273 4439 283 4473 ²
300 4434 612 4503 114611111111111111
625 4432 794 4489 διατύπωσιν
817 4437 820 4490 Ι
882 4436 914 4488 W
928 4436 972 4489 Vll
985 4438 1053 4492 4077
1066 4435 1126 4490 luet
1138 4435 1167 4490 11
1178 4437 1237 4489 πᾶν
1250 4429 1404 4507 ἔνθύμημα,

292 4523 383 4566 cornua
397 4523 497 4576 epitome
1226 4539 1240 4576 θ
