3590 5262
806 409 850 421 -
896 370 1029 436 xuvm
1082 407 1118 414 -
1195 333 1197 340 ’

381 554 523 616 aNeocle
549 551 613 632 ipso
643 550 813 631 repetiverit
837 570 874 613 an
903 550 1028 611 cundem
1061 557 1147 627 atque
1170 547 1218 608 bic
1239 555 1389 608 auctorem
1411 545 1549 608 babuerit

381 657 411 717 in
434 655 532 717 medio
555 654 778 733 relinquendum
801 662 855 715 est.

466 760 489 819 A
512 757 643 818 Cornuto
670 774 730 817 non
758 757 854 818 solum
881 763 1043 836 praecepta,
1075 772 1149 833 quae
1175 753 1271 814 adbuc
1292 752 1392 814 Neocli
1414 751 1549 830 adsigna-

382 863 488 936 vimus,
522 861 573 923 sed
606 859 694 922 etiam
728 863 788 922 ierc
819 868 926 922 'cuncta
952 867 1048 920 cetera
1075 877 1110 918 ex
1136 858 1199 918 eius
1228 856 1303 918 libro
1333 855 1460 917 derivata
1486 873 1550 916 esse

382 965 503 1038 ratione,
531 983 587 1042 qua
615 970 768 1043 praecepta
798 961 938 1042 disposita
968 969 1047 1032 sunt,
1075 960 1276 1022 confirmatur.
1320 978 1388 1021 nam
1419 959 1549 1020 studium

382 1066 641 1147 quadripartiendi
657 1067 735 1145 quod
752 1065 865 1127 Neoclis
875 1064 1029 1145 proprium
1045 1073 1091 1126 est
1105 1066 1153 1140 (cl.
1169 1063 1235 1124 adn.
1247 1062 1338 1123 XLlll
1354 1061 1388 1142 ι),
1404 1079 1550 1141 nusquam

383 1171 512 1252 apertius
534 1180 580 1231 cst
601 1187 688 1248 quam
712 1169 768 1230 hio.
805 1169 882 1248 quod
906 1168 1016 1248 optime
1030 1167 1132 1247 primis
1147 1165 1219 1247 ipsis
1233 1165 1404 1246 praeceptis,
1427 1183 1501 1244 quae
1515 1165 1551 1225 de

384 1275 525 1336 brevitate
548 1271 674 1333 erebus
697 1271 826 1332 facienda
850 1280 928 1345 sunt,
951 1271 1123 1342 illustratur,
1148 1270 1286 1350 quoniam
1309 1289 1341 1332 ea
1364 1287 1431 1330 cum
1448 1267 1552 1332 Corni-

384 1377 497 1439 ficianis
520 1373 776 1453 Ciceronianisque
802 1393 972 1455 comparare
994 1374 1071 1436 licet.
1115 1373 1287 1436 Cornificius
1310 1391 1424 1446 novem,
1452 1372 1551 1435 Cicero

386 1479 567 1542 octomodos
581 1478 778 1538 narrationem
795 1478 911 1539 brevem
928 1477 1069 1539 reddendi
1084 1487 1246 1550 enumerat,
1262 1479 1292 1538 in
1304 1476 1438 1562 Epitoma
1454 1485 1552 1537 autem

387 1584 447 1645 bini
470 1583 514 1644 vel
541 1581 618 1642 terni
647 1599 748 1642 eorum
779 1580 809 1641 in
837 1599 930 1642 unum
959 1589 1146 1662 praeceptum
1175 1580 1378 1660 comprehensi
1408 1588 1486 1653 sunt,
1520 1588 1553 1640 ut

387 1705 530 1748 numerus
557 1692 696 1765 quattuor
723 1693 945 1766 praeceptorum
972 1684 1147 1757 efficeretur,
1180 1684 1210 1745 id
1237 1685 1317 1763 quod
1343 1682 1553 1745 commentario

387 1801 490 1854 nostro
512 1790 546 1850 ad
569 1792 606 1864 §A
622 1786 747 1850 65-68
770 1806 938 1868 cognosces.
982 1805 1081 1867 porro.
1097 1786 1128 1848 in
1150 1787 1286 1868 Epitoma
1307 1795 1447 1867 quattuor
1468 1804 1554 1866 prae-

388 1903 469 1972 cepta
502 1893 537 1953 de
567 1890 743 1952 obscuritate
772 1890 898 1952 erebus
920 1889 1051 1951 facienda
1074 1891 1180 1952 dantur
1202 1893 1238 1965 §A
1253 1889 1388 1964 81-84,
1415 1899 1554 1970 quattuor

389 2013 495 2074 genera
518 1995 673 2055 verborum
696 1992 896 2074 perspicuitati
919 1995 1088 2056 nocentium
1112 1995 1289 2076 colliguntur
1310 1994 1393 2070 585,
1416 2002 1555 2075 quattuor

389 2098 468 2159 modi
490 2097 588 2158 omnia
604 2097 680 2158 veris
700 2097 890 2158 assimulandi
906 2099 942 2172 ἓξ
957 2097 1093 2170 90-93,
1116 2109 1255 2178 quattuor
1271 2098 1350 2160 modi
1366 2096 1556 2159 iucunditatis

388 2201 472 2277 §bit
502 2209 641 2280 quattuor
669 2201 899 2280 magnificentiae
928 2200 1097 2262 efficiendae
1127 2211 1314 2282 exponuntur
1335 2205 1352 2276 ξ
1376 2202 1444 2263 100.
1488 2201 1556 2262 alibi

389 2303 681 2384 quadripartitionem
708 2304 744 2366 ab
773 2304 964 2384 epitomatore
990 2302 1189 2382 perturbatam
1218 2323 1282 2364 esse
1308 2304 1406 2366 statim
1433 2304 1556 2365 demon-

392 2407 542 2469 strabitur.
587 2406 702 2468 duobus
731 2416 845 2467 tantum
868 2405 939 2466 locis
962 2407 1033 2467 haec
1055 2406 1128 2468 ratio
1152 2407 1325 2488 disponendi
1347 2426 1406 2468 non
1428 2405 1557 2468 adbibita

392 2519 438 2572 est
460 2519 489 2571 ct
511 2518 663 2589 praecepta
686 2509 843 2588 utrobique
866 2509 958 2570 adlata
981 2509 1067 2570 certis
1090 2509 1125 2570 de
1144 2512 1240 2573 causis
1254 2510 1353 2571 Neocli
1367 2509 1556 2571 abiudicanda

393 2623 472 2674 sunt.
516 2615 533 2686 ς
549 2610 590 2672 88
612 2611 701 2685 enim,
725 2612 750 2673 si
770 2612 864 2673 eidem
880 2612 992 2674 auctori
1008 2612 1178 2674 vindicanda
1201 2621 1278 2674 essct
1293 2623 1379 2692 atquc
1394 2623 1556 2694 praecepta,

393 2734 467 2795 quae
482 2715 667 2788 antecedunt,
690 2733 744 2776 suo
760 2715 825 2776 loco
840 2715 961 2777 minime
977 2716 1148 2795 quadrarc¹,
1170 2717 1237 2796 quia
1254 2717 1331 2778 baud
1347 2717 1556 2779 obscuritatem

393 2838 409 2881 e
438 2817 534 2879 verbis
563 2809 725 2878 faciendam
752 2828 905 2899 spectaret,
937 2827 966 2880 et
991 2819 1177 2881 enuntiatum
1203 2820 1226 2881 E
1251 2819 1316 2890 18.
1338 2818 1380 2882 coi
1405 2817 1442 2882 δὲ
1464 2813 1557 2901 παρὰ

392 2920 487 2994 τάξιν
522 2920 635 3007 τιθῇς,
675 2923 782 3002 quippe
819 2921 897 3000 quod
936 2923 1057 2983 candem
1093 2923 1269 2984 sententiam
1308 2924 1429 2985 baberet
1468 2940 1556 3002 quam

395 3025 529 3106 superius
545 3024 568 3085 Ε
586 3026 623 3086 17
638 3039 659 3098 2,
682 3032 805 3105 prorsus
828 3044 1075 3105 supervacaneum
1098 3045 1161 3088 esse
1184 3026 1336 3088 iudicares.
1380 3033 1409 3088 at
1431 3023 1558 3086 dubitari

394 3129 512 3208 nequit,
544 3127 616 3208 quin
642 3131 661 3203 ξ
685 3127 725 3190 88
754 3128 990 3209 Harpocrationis
1018 3130 1073 3200 sit,
1107 3148 1174 3190 cum
1203 3128 1440 3210 Harpocrationis
1471 3127 1557 3189 verba

393 3233 417 3293 E
439 3233 522 3304 201,
544 3242 573 3294 et
594 3251 627 3293 ea
649 3231 672 3292 E
695 3232 734 3293 27
750 3266 772 3304 5,
801 3251 876 3311 quae
905 3233 1000 3295 eidem
1029 3233 1140 3294 rhetori
1162 3251 1250 3314 supra
1272 3232 1493 3313 adscripsimus,
1522 3229 1557 3292 ad

394 3336 471 3399 illam
495 3340 513 3412 ξ
535 3335 701 3416 respiciant.
745 3336 801 3396 boc
826 3335 915 3414 igitur
937 3335 1000 3396 loco
1021 3355 1038 3397 a
1061 3336 1191 3398 Cornuto
1214 3335 1450 3417 Harpocrationis
1472 3333 1558 3394 verba

394 3441 556 3521 praeceptis
588 3439 703 3500 Neoclis
736 3437 846 3499 adnexa
879 3449 958 3511 sunt,
993 3457 1080 3518 supra
1114 3458 1181 3501 cum
1215 3441 1260 3500 his
1286 3438 1439 3501 Alexandri
1473 3436 1558 3498 rerba

395 3543 550 3605 coniuncta
581 3560 645 3604 esse
672 3541 816 3603 videntur.
861 3545 897 3617 ἐξ
913 3540 1038 3604 72-78
1066 3543 1173 3604 multae
1202 3543 1310 3622 figurae
1338 3549 1557 3613 enumerantur,

397 3665 521 3727 quarum
549 3647 619 3707 alias
646 3644 852 3724 breviloquens
874 3645 965 3706 vitare
988 3645 1058 3708 alias
1081 3664 1222 3726 usurpare
1244 3647 1371 3708 iubetur.
1415 3663 1483 3706 cum
1506 3645 1558 3705 bas

395 3750 503 3830 figuras
525 3767 628 3811 omues
655 3748 685 3809 in
708 3748 862 3809 Alexandri
893 3749 928 3810 de
954 3748 1055 3828 liguris
1082 3749 1157 3811 libro
1181 3759 1317 3812 tractatas
1344 3766 1408 3810 esse
1435 3754 1558 3819 constat,

397 3862 461 3914 tum
495 3871 583 3914 unam
615 3872 649 3913 ex
678 3852 729 3925 eis,
763 3871 836 3932 quae
863 3849 899 3914 cd
929 3847 1163 3933 ἐπεζευγμέναι)
1185 3853 1363 3922 nominatur,
1397 3851 1559 3914 Alexandro

396 3955 573 4035 peculiarem
605 3955 694 4017 luisse
716 3957 893 4018 credendum
917 3963 970 4029 est,
1000 3955 1067 4035 quia
1089 3975 1175 4018 nemo
1197 3955 1254 4017 nisi
1275 3956 1378 4036 Aqola
1399 3956 1560 4025 Romanus,

397 4061 447 4138 qui
470 4060 538 4121 illus
559 4060 667 4121 librum
691 4059 868 4140 epitomarit
892 4060 928 4121 de
950 4078 983 4120 ea
1004 4059 1063 4137 egit
1085 4059 1134 4138 (cl.
1151 4059 1395 4122 commentarium
1410 4059 1446 4121 ad
1462 4062 1480 4134 ξ
1496 4057 1559 4138 76).

398 4163 496 4242 itaque
517 4162 713 4225 Alexandrum
737 4165 788 4225 bas
810 4164 918 4243 figuras
940 4172 974 4224 ut
995 4162 1129 4225 brevitati
1152 4171 1203 4224 aut
1224 4163 1326 4225 noxias
1348 4171 1399 4225 aut
1421 4163 1508 4224 utiles
1530 4161 1560 4223 iu

401 4267 715 4276 ——--————-—-

467 4312 981 4381 ¹liayaarnstocb.GeLAnz.185l>
1004 4331 1026 4381 p.
1046 4315 1074 4365 11
1100 4316 1164 4364 banc
1186 4313 1202 4380 ξ
1224 4321 1281 4381 post
1303 4315 1406 4366 verbum
1425 4313 1561 4383 χρείανΕ

401 4383 459 4436 llo
478 4384 601 4434 collocari
622 4383 762 4449 proposuit.
