3590 5262
733 337 967 402 -VII-

272 513 398 599 μακρὸν
427 513 482 576 καὶ
509 509 645 597 ὀχληρόν
667 513 767 591 ἐστιν,
798 515 828 577 al
883 515 938 578 aui
967 511 1119 600 ὀχληρόν,
1149 515 1180 584 ελ
1210 513 1254 598 μὴ
1282 508 1348 597 ἄρα
1369 525 1443 589 ταῖς

272 617 315 703 μὴ
347 615 413 700 ἄρα
444 626 518 691 ταῖς
547 615 717 700 ἐργασίαις
748 613 827 681 αὐτὸ
883 617 1054 702 ἐργασίαις
1076 615 1156 682 αὐτὸ
1181 615 1442 700 διαχειρισάμε-

272 716 594 806 μεταχειρισάμεθα
616 719 671 782 καλ
693 719 750 785 νῦν
769 719 830 801 μὲν
884 725 934 786 θα
944 721 1000 784 καὶ
1014 722 1073 786 νῦν
1082 721 1143 805 μὲν
1155 717 1443 800 ὦςγιγνώσκον-

273 821 315 899 ὠς
348 820 704 896 ἐπιδεικνύοντες1
736 821 830 900 λέγο
883 820 1443 909 οεςλέγομεν,αὖθιςδὲο3ςσογ-

272 949 343 1012 μεν,
366 921 514 991 νῦνδὲ
489 948 531 999 ως
548 921 831 1010 ἀνακεφαλαιού-
885 927 1185 1054 κεφαλαιούμενοι,
1230 920 1443 1012 &condedi

272 1051 406 1114 percep
394 1026 771 1111 ἐπαναλαμβάνονιες
856 961 912 1112 λ
887 1029 930 1107 ὠς
952 1029 1265 1115 ἀναμιμνήσκοντες.

272 1156 307 1197 eo
328 1134 406 1215 quod
429 1134 511 1194 Theo·
532 1134 576 1195 bis
599 1135 700 1196 eadem
723 1136 780 1198 dici
800 1137 902 1211 vetuit,
925 1139 971 1201 TS
994 1146 1161 1201 commotus
1184 1156 1249 1198 esse
1263 1137 1388 1211 ridetur,
1413 1146 1445 1199 ut

273 1238 326 1302 tria
350 1238 481 1300 membra
504 1237 657 1312 enuntiati,
685 1257 759 1317 quae
782 1239 812 1299 in
835 1240 857 1300 ll
879 1239 975 1303 verbis
998 1240 1057 1304 νῦν
1078 1239 1148 1323 μὲν,
1178 1235 1282 1313 αὖθις
1304 1237 1350 1313 δὲ,
1375 1235 1444 1302 ἑτέ-

272 1345 360 1425 ρωθι
387 1340 424 1405 δὲ
449 1341 636 1415 inchoantur,
663 1341 694 1402 in
721 1342 780 1404 duo
808 1344 995 1406 contraheret
1021 1354 1049 1406 et
1072 1364 1125 1425 pro
1148 1343 1252 1405 ultimo
1274 1339 1293 1425 ἢ
1316 1339 1444 1406 ἐπανα-

271 1441 493 1527 λαμβάνοντες
529 1452 615 1523 atque
647 1464 702 1525 pro
734 1446 884 1526 particulis
920 1441 1023 1520 αὖθις
1057 1445 1094 1510 δὲ
1124 1447 1283 1528 particulas
1315 1445 1373 1509 νῦν
1406 1444 1444 1507 δὲ

272 1549 422 1611 scriberet.
466 1557 615 1628 praeterea
641 1549 758 1610 initium
786 1549 931 1612 enuntiati
957 1569 973 1611 a
999 1550 1046 1612 TS
1072 1550 1177 1612 leniter
1206 1559 1353 1612 mutatum
1380 1567 1444 1611 esse

270 1661 360 1733 patet,
391 1671 450 1731 quo
473 1651 602 1713 Theonis
629 1652 725 1714 verbis
753 1652 859 1715 melius
886 1653 1156 1716 accomodaretur².
1200 1652 1321 1732 reliquis
1349 1651 1443 1714 tribus

270 1756 357 1831 locis,
391 1756 441 1818 ubi
468 1756 515 1817 TS
542 1773 610 1817 cum
643 1756 666 1816 P
701 1757 860 1838 discrepat,
902 1758 984 1819 illum
1021 1756 1177 1837 genuinam
1207 1756 1363 1818 lectionem
1390 1774 1443 1817 ex-

271 1860 371 1922 hibere
393 1867 507 1920 certum
527 1867 582 1921 est.
627 1877 696 1920 nam
712 1860 798 1921 verba
814 1856 1118 1942 μααχειρισόμεθα
1132 1869 1162 1922 et
1177 1852 1445 1943 ἂνακεφαλοιιού-

272 1983 365 2044 μενοι
396 1962 564 2023 rhetoribus
591 1962 741 2024 usitatiora
769 1971 840 2024 sunt
865 1982 953 2043 quarn
979 1963 1141 2044 composita
1163 1960 1444 2046 διαχειρισάμεθα

272 2075 302 2127 et
323 2062 664 2148 συγκεφαλαιούμενοι
687 2075 775 2145 atque
795 2066 883 2128 stiam
899 2067 975 2128 hanc
990 2076 1146 2146 utramque
1161 2066 1316 2128 lectionem
1333 2068 1442 2130 codicis

272 2168 295 2229 P
316 2175 485 2248 corruptam
509 2186 573 2230 esse
595 2168 651 2230 alio
673 2169 824 2250 Epitomes
843 2178 981 2250 excerpto
996 2168 1219 2232 confirmatur⁸.
1263 2170 1334 2248 quin
1351 2169 1442 2252 parti-

272 2271 380 2352 cipium
396 2269 631 2347 γιγνώσκοντες
645 2273 741 2353 ipsum
766 2293 883 2353 quoque
903 2273 1010 2334 falsum
1026 2273 1074 2347 sit,
1098 2272 1225 2334 dubitari
1240 2273 1351 2352 nequit,
1375 2273 1443 2352 quia
1519 2261 1522 2267 ⁵

272 2375 360 2436 verbo
375 2375 586 2454 recapitulandi
603 2376 723 2438 verbum
740 2377 849 2457 opponi
864 2376 1056 2447 desideratur,
1068 2375 1146 2455 quod
1156 2376 1306 2437 notionem
1319 2378 1442 2439 demon-

271 2478 383 2541 strandi
406 2478 520 2540 habeat.
557 2479 742 2561 participium
766 2476 1030 2552 ἐπιδεικνύοντες
1052 2480 1142 2560 igitur
1169 2480 1278 2561 optime
1301 2483 1337 2543 ad
1359 2482 1442 2545 illum

270 2583 367 2644 locum
384 2581 517 2662 quadrat
547 2580 603 2644 iam
621 2603 637 2644 a
653 2583 698 2644 TS
714 2583 813 2644 codice
828 2583 850 2644 P
868 2583 961 2645 multo
978 2583 1130 2646 meliorem
1142 2585 1295 2666 Epitomes
1311 2586 1439 2648 codicem

272 2697 446 2768 usurpatum
475 2703 539 2748 esse
561 2686 749 2767 perspicuum
773 2695 832 2761 est;
865 2697 939 2766 quot
960 2686 1182 2750 emendationes
1204 2689 1355 2771 Epitomes
1377 2689 1441 2751 eius

272 2791 416 2872 excerptis
438 2790 609 2865 debeantur,
632 2790 803 2852 recensione
829 2799 929 2852 nostra
953 2790 1112 2852 doceberis.

546 2982 595 3044 lll.
628 2983 825 3063 Aphthonii
847 2983 1069 3063 interpretes
1092 2983 1166 3060 (ΑΙ).

356 3101 389 3161 ln
410 3099 527 3162 loannis
547 3097 699 3162 Sicelictae
713 3099 871 3181 lloxopatri
893 3100 923 3160 in
945 3100 1146 3181 Aphthonium
1167 3098 1302 3161 Homiliis
1324 3099 1440 3180 saepius

271 3198 304 3264 oi
327 3201 468 3266 παλαιοὶ
491 3202 535 3264 vel
558 3199 591 3264 oi
612 3199 830 3286 παλαιότεροι
845 3202 912 3266 τῶν
927 3200 1089 3286 ἐξηγητῶν
1103 3203 1268 3279 laudantur,
1291 3203 1342 3283 qui
1356 3203 1440 3264 nobis

270 3306 375 3368 litteris
389 3305 430 3366 Α]
453 3305 662 3385 significentur.
707 3308 742 3369 ad
765 3308 967 3387 quaestionem
990 3315 1122 3368 nostram
1138 3307 1287 3387 pertinent
1301 3325 1344 3380 ea,
1365 3326 1440 3386 quae

271 3427 306 3471 ex
328 3409 445 3471 illorum
468 3409 587 3470 scholiis
609 3411 640 3471 in
655 3410 848 3473 Homilinrum
871 3420 959 3491 caput
981 3411 1006 3471 ll
1024 3418 1140 3490 recepta
1155 3418 1233 3471 sunt.
1277 3409 1441 3490 lloxopater

270 3512 349 3574 enim
381 3521 414 3574 ut
444 3513 551 3592 quibus
580 3513 675 3576 modis
702 3513 902 3596 perspicuitas}
924 3513 1049 3576 brevitas
1078 3513 1253 3575 credibilitas
1275 3513 1440 3575 alliciantur

269 3624 404 3696 exponat,
434 3615 470 3677 de
499 3616 622 3697 singulis
645 3617 804 3679 virtutibus
830 3617 1005 3679 narrationis
1032 3617 1161 3698 primum
1188 3635 1224 3677 ex
1246 3616 1438 3696 llermogenis

338 3878 580 3942 1ἐπιδεικνύοντες
598 3900 629 3935 ex
649 3885 761 3935 editione
779 3884 913 3937 Walziana
933 3885 1081 3951 recepimus,
1109 3899 1164 3934 cuna
1183 3883 1344 3950 participium
1368 3877 1439 3936 oino-

269 3944 426 4016 δεικνύντες,
445 3954 508 4020 quod
528 3955 607 4005 editio
627 3953 780 4005 Finckhiana
799 3954 911 4014 exhibet,
931 3955 1012 4003 minus
1031 3959 1126 4003 rectum
1145 3967 1201 4002 esse
1221 3953 1348 4004 videatur.

337 4021 481 4072 ²Consilio
504 4038 518 4073 a
539 4023 579 4074 ΤΒ
604 4023 680 4072 etiarn
703 4023 778 4073 initia
800 4023 909 4072 aliorum
932 4019 1338 4152 3⁰⁰rfgssssgm(pwlralffilvssssff
1357 4021 1440 4149 33²8}

268 4092 799 4261 titulittr‘t.t¹.¹¹¹¹⁰““¹⁰·²
816 4093 920 4160 μορίων
954 4107 1016 4157 ‘ll

268 4226 512 4365 „idalii
527 4220 891 4363 htttt‘t‘lltthtl
905 4221 1437 4377 tittllrttthltllf·rtttl

269 4366 312 4418 vel
331 4366 387 4416 eius
405 4367 543 4432 archetypo
563 4365 628 4417 lulso
647 4366 772 4433 syllabam
791 4376 843 4432 συγ
860 4366 990 4430 accepisse
1009 4365 1153 4414 sumendum
1172 4370 1218 4414 est.
