3590 5262
739 383 946 449 ..p..

264 563 403 644 plenioris
430 563 502 626 artis
530 560 560 622 iu
583 561 606 622 P
629 561 737 624 servari
759 571 789 624 et
811 563 882 625 alios
905 564 1039 628 rhetores
1061 565 1149 627 huius
1171 566 1264 647 ipsius
1289 570 1359 632 artis
1382 591 1432 632 er-

264 675 372 746 cerpta,
400 666 470 728 alios
492 673 628 746 excerpta
654 665 733 728 illius
755 666 899 747 epitomes
921 667 1056 731 exhibere
1078 671 1277 749 cognorimus.
1322 674 1433 736 discer-

263 770 362 831 nimus
388 769 477 849 igitur
502 768 646 844 rhetores,
676 770 727 850 qui
748 770 884 851 Epitoma
907 770 964 850 (Ε),
992 782 1021 833 et
1047 774 1190 850 rhetores,
1217 777 1268 854 qui
1290 777 1359 838 Arte
1386 778 1433 840 usi

264 882 343 936 sunt.
387 892 421 935 ac
445 871 576 954 primum
599 872 718 952 quidem
741 873 806 936 illos
829 892 1046 938 enumeremus.

540 1151 787 1230 RHETORES
824 1154 1045 1233 ΕΡΙΤΟΜΑ
1076 1155 1154 1233 usi

272 1299 294 1360 l.
327 1299 581 1380 Prolegomena
613 1299 648 1359 in
682 1297 915 1379 Hermogenis
948 1299 1040 1384 περὶ
1074 1294 1255 1365 στάσεων
1288 1301 1419 1366 librum

714 1403 750 1464 W
772 1403 823 1463 Vll
848 1403 977 1465 1--341.

345 1523 379 1584 ln
402 1523 459 1584 boc
479 1523 577 1585 libello
599 1533 666 1605 post
688 1523 916 1603 disputationem
933 1533 995 1586 arte
1011 1524 1180 1606 dispositam
1196 1525 1263 1587 inde
1278 1545 1294 1587 a
1309 1546 1337 1608 p.
1354 1527 1395 1590 20
1406 1563 1432 1602 η

262 1627 340 1688 varia
363 1627 510 1688 variorum
536 1626 679 1689 librorum
707 1636 840 1708 excerpta
871 1628 1068 1691 adnectuntur
1093 1648 1146 1709 per
1172 1638 1311 1705 saturam,
1344 1642 1431 1712 atquc

263 1729 390 1792 dubitari
405 1740 511 1811 potest,
535 1749 607 1792 num
623 1731 710 1803 idem,
731 1730 783 1809 qui
797 1751 826 1813 p.
845 1732 947 1794 1-20
960 1764 986 1804 ιη
1001 1732 1126 1814 scripsit,
1150 1733 1225 1796 banc
1240 1735 1430 1814 appendicem

263 1833 448 1896 confeceritl.
492 1834 629 1912 leguntur
655 1841 752 1894 autem
784 1836 881 1896 omnia
904 1836 944 1897 ita
967 1837 1122 1898 coniuncta
1144 1836 1175 1897 iu
1197 1837 1344 1899 codicibus
1363 1838 1429 1901 Par.

265 1937 345 1999 1983
372 1948 402 1998 et
424 1936 518 2007 2977,
549 1935 680 1997 eiusdem
710 1937 860 2018 archetypi
889 1939 1073 2020 apographis,
1102 1958 1229 2020 quorum
1258 1940 1306 2001 ille
1332 1941 1430 2021 priore

262 2050 345 2122 parte
371 2040 480 2102 saeculi
501 2039 542 2099 Xl
564 2048 699 2100 exaratus
729 2040 802 2102 esth
847 2040 1057 2121 Prolegomena
1084 2061 1152 2121 ergo
1174 2061 1251 2105 anno
1274 2044 1429 2107 millesimo

263 2143 426 2223 antiquiora
450 2161 514 2203 esse
542 2150 666 2202 constat.
710 2143 817 2223 quibus
844 2154 979 2225 excerpta
1002 2145 1152 2226 Epitomes
1179 2147 1324 2208 contineri
1350 2148 1430 2210 hisce

262 2246 332 2308 locis
354 2245 529 2326 comparatis
551 2245 701 2325 adparct⁴z

476 2358 512 2417 W
533 2357 583 2417 Vll
694 2357 717 2418 E
908 2410 910 2414 ‚
936 2360 973 2420 W
995 2361 1044 2421 Vll
1167 2360 1191 2420 Ε

461 2460 740 2535 261341Ξὲ1ὗ
923 2463 964 2526 26
980 2495 1060 2535 οα-ιι
1074 2467 1150 2540 =§
1168 2464 1227 2525 105

461 2565 501 2626 26
517 2596 595 2635 m-ue
611 2591 653 2617 =
668 2568 685 2638 ἓ
703 2564 781 2626 143⁶
923 2566 963 2628 26
980 2599 1060 2640 ιι-ιτ
1076 2594 1118 2621 =
1132 2571 1150 2644 6
1166 2568 1206 2630 99

328 2702 455 2753 ¹Littera
474 2703 509 2754 W
527 2717 582 2752 cuin
607 2719 709 2754 numero
734 2703 844 2754 Romano
870 2705 1039 2770 significamus
1065 2704 1162 2757 Waluii
1184 2705 1321 2757 Rhetorum
1349 2703 1428 2756 Grae-

260 2788 345 2824 corum
363 2773 500 2822 volumina.

328 2840 338 2874 ²
355 2840 392 2892 Gi.
413 2841 575 2892 Valentinum
592 2839 659 2890 Rosa
677 2841 826 2892 Aristotelea
843 2841 1082 2910 Pcaudepigrapdeo
1100 2858 1123 2909 p.
1139 2842 1193 2894 141.

292 2978 307 3028 8
327 2909 339 2944 ³
357 2908 393 2960 Cf.
414 2925 477 3029 puae
495 2911 525 2960 de
542 2909 583 2960 his
600 2909 731 2959 codicibus
749 2909 906 2961 Abrabamus
925 2911 1058 2976 enarravit
1074 2910 1218 2978 daurons.
1236 2911 1304 2962 Phil.
1317 2909 1426 2962 CXXXI

325 2994 430 3097 41,ΝαΙΙο
454 3047 503 3096 ιΙίο
524 3046 582 3096 Ιοοο
600 3046 839 3110 Prolegomeuorum
857 3056 978 3113 excerpta
997 3047 1125 3112 Epitomes
1145 3048 1360 3113 deprehendimus,
1383 3048 1426 3098 sed

257 3115 407 3176 dubitamus,
426 3130 456 3164 au
475 3115 592 3180 Epitome
610 3114 642 3164 ad
660 3115 841 3165 conscribenda
858 3123 992 3180 praecepta
1008 3115 1045 3166 W
1058 3113 1102 3168 Vll
1119 3116 1151 3165 22
1166 3132 1232 3170 4-αα
1251 3116 1364 3166 adhibita
1383 3117 1427 3178 sit,

257 3184 346 3249 quippe
364 3183 451 3248 quibus
471 3185 536 3234 idom
554 3183 746 3250 praescribatur
764 3190 837 3265 utque
857 3184 878 3234 E
896 3183 930 3250 ἐξ
943 3184 984 3246 91,
1004 3184 1044 3234 93.
1080 3185 1245 3235 secuudumE
1261 3185 1290 3235 18
1301 3200 1327 3237 ατ
1345 3184 1427 3247 igitur

256 3254 369 3316 corrigas
388 3250 480 3304 WVll
497 3251 529 3300 22
544 3269 557 3305 a
574 3246 665 3308 ἄλλοις
688 3251 714 3302 in
739 3247 870 3316 ἀλληλοις.
907 3253 1023 3316 corrigas
1045 3254 1121 3303 etiam
1140 3253 1174 3302 ib.
1193 3255 1245 3304 v.'l
1264 3247 1333 3302 κατὰ
1352 3250 1383 3303 δὲ
1400 3253 1424 3301 in

257 3320 312 3383 καὶ,
331 3337 355 3369 v.
370 3320 398 3370 11
418 3310 502 3371 πάλιν
519 3321 545 3370 iu
563 3315 689 3389 μάλιστα.

326 3387 336 3420 ⁵
354 3387 519 3439 Enuutiatum
532 3389 564 3439 W
581 3387 624 3440 Vll
642 3389 713 3444 2615
730 3387 896 3455 appeteretur
906 3417 939 3425 -
951 3390 1037 3457 λέγειν
1055 3391 1077 3440 is
1096 3391 1139 3456 qui
1156 3389 1287 3455 Ilpitomes
1307 3394 1426 3453 excerpta

257 3457 447 3521 Prolegomenis
473 3457 592 3521 inseruit,
615 3457 789 3523 addiditque
817 3457 998 3523 explicaretur,
1026 3459 1086 3525 quid
1115 3459 1184 3508 iuter
1210 3464 1339 3508 auctorem
1363 3456 1425 3507 libri

258 3525 373 3592 excerpti
392 3533 417 3576 et
435 3526 499 3577 alios
517 3527 632 3576 rhetores
648 3525 771 3576 differret.

325 3593 336 3627 ⁶
352 3594 456 3645 Miraris
475 3595 551 3644 verba
569 3593 662 3646 wv11
681 3594 713 3644 26
724 3611 750 3647 m
767 3588 929 3663 ἐπιχείρημα
952 3592 1009 3646 ἐστι
1026 3591 1103 3662 λόγος
1120 3592 1363 3651 κατασκευαστικὸς
1380 3593 1427 3644 τοῦ

255 3665 438 3735 προτεθέντος
459 3653 604 3730 ζητήματος
625 3663 690 3713 haud
713 3663 817 3714 diversa
840 3679 896 3714 esse
918 3665 990 3714 nobis
1008 3664 1059 3713 diei
1078 3679 1092 3713 a
1110 3662 1197 3714 verbis
1215 3662 1236 3712 ll
1255 3664 1287 3713 27
1302 3677 1314 3716 o
1332 3665 1427 3720 πίστις

257 3769 263 3782 .
283 3770 289 3782 .
312 3731 369 3784 ἐστὶ
389 3722 467 3798 λόγος
488 3727 731 3787 κατασκευαστικὸς
752 3732 798 3782 τοῦ
821 3734 1003 3800 προκειμένου
1026 3722 1180 3799 ζητήματος.
1216 3739 1244 3782 at
1266 3731 1312 3781 illa
1336 3730 1426 3781 Prole-

256 3816 418 3864 gomeuorum
441 3799 519 3850 verba
543 3816 589 3866 pro
612 3800 758 3851 definitione
783 3801 972 3867 epichirematis
995 3817 1044 3850 non
1066 3806 1125 3850 suut
1145 3799 1271 3862 habenda3
1297 3815 1353 3849 uam
1373 3801 1427 3865 epi-

257 3870 379 3932 chirema,
411 3885 458 3935 quo
486 3876 530 3919 aut
556 3877 626 3918 certa
653 3869 772 3934 quaedam
798 3868 879 3920 iorma
905 3868 1049 3937 syllogismi
1075 3869 1198 3918 rhetorici
1225 3875 1269 3917 aut
1294 3868 1426 3932 singulare

256 3946 438 4000 argumentum,
457 3938 521 4002 quod
540 3953 594 3986 cum
611 3937 671 3987 aliis
690 3937 887 4003 adprehendam
905 3939 1014 4003 aliquam
1028 3953 1080 3988 rem
1093 3937 1264 4000 adhibeamus,
1286 3937 1425 4000 significari

256 4007 332 4070 solet,
351 4007 492 4056 orationem
511 4020 574 4069 esse,
593 4020 640 4071 qua
658 4005 684 4056 id
702 4006 732 4055 de
751 4022 798 4072 quo
812 4007 927 4073 quaestio
942 4013 989 4070 est,
1007 4007 1147 4072 probemus,
1166 4021 1242 4055 sanus
1254 4006 1327 4056 bomo
1340 4006 1425 4056 dicere

256 4076 353 4141 nequit.
393 4075 478 4140 itaque
506 4074 579 4124 uobis
602 4089 749 4140 persuasum
770 4084 810 4126 est
832 4075 962 4140 Epitomes
985 4074 1156 4124 definitionem
1178 4077 1303 4135 πίστεως,
1330 4075 1356 4123 in
1377 4090 1426 4140 qua

256 4145 335 4195 tertia
358 4160 418 4210 pars
441 4143 566 4193 orationis
590 4143 679 4193 civilis
701 4144 874 4208 intellegitur,
902 4144 928 4193 in
951 4141 1133 4206 prolegomena
1155 4143 1357 4208 transscriptam,
1382 4145 1426 4192 sed

255 4213 419 4279 participium
440 4211 623 4282 προκειμένου
646 4212 670 4260 iu
688 4212 870 4279 προτεθέντος
887 4218 913 4260 et
932 4227 1019 4261 nomen
1038 4213 1131 4266 πίστις
1149 4211 1173 4260 ἰι]
1192 4211 1353 4281 ἐπιχείρημα
1371 4227 1424 4261 mu·

255 4289 336 4332 tatum
358 4296 422 4331 esse.
457 4280 535 4331 facile
558 4281 622 4330 euim
644 4280 701 4332 lieri
724 4281 814 4346 potuit,
837 4287 866 4330 ut
883 4279 1046 4351 ἐπιχείρημα
1063 4281 1119 4330 loco
1138 4281 1256 4334 πίστεως
1280 4287 1425 4344 poneretur,

257 4351 373 4416 quoniam
396 4365 471 4416 saepe
490 4349 640 4399 vocabulum
661 4351 754 4406 πίστις
770 4364 866 4414 quoque
886 4351 1012 4399 notionem
1031 4348 1172 4414 singularis
1190 4349 1332 4412 argumenti
1350 4349 1426 4398 habet

258 4426 283 4468 et
301 4419 365 4469 idem
384 4426 458 4484 atque
476 4417 638 4488 ἐπιχείρημα
657 4419 736 4482 valet,
755 4417 819 4466 uude
838 4417 913 4468 etiam
932 4417 957 4466 iu
976 4417 996 4466 ll
1015 4417 1046 4467 32
1061 4432 1073 4470 o
1089 4417 1255 4484 interpolatio
1274 4426 1332 4468 nuta
1352 4423 1398 4468 cst.
