3590 5262
678 432 718 442 —
764 395 867 460 LXIX
912 433 953 442 -

236 574 458 654 epentbymema
475 573 711 646 commemoret¹‚
726 573 755 634 id
770 573 869 636 Neocli
885 580 915 635 et
928 573 1100 649 Alexandro,
1117 573 1167 653 qui
1183 583 1278 640 cetera
1294 595 1399 656 genera

235 676 441 757 probationum
465 687 598 739 accurate
620 677 846 757 explicaverunt,
874 677 1006 757 ignotum
1030 677 1121 740 fuisse
1143 688 1173 741 et
1193 678 1271 742 inter
1292 680 1397 742 borum

235 790 265 841 et
291 779 483 859 Hermogenis
510 779 804 861 harpocrationisque
830 789 953 842 aetatem
982 779 1135 843 inventum
1162 801 1227 844 esse
1252 783 1401 864 probabile

237 892 290 944 est.
335 883 432 946 nescio
459 902 495 944 an
518 883 707 964 Harpocratio
729 884 886 960 Alexandri
912 883 988 944 libro
1010 883 1075 963 ipso
1097 903 1169 947 usus
1192 886 1238 948 sit.
1284 885 1400 968 ilarpo-

236 985 327 1047 cratio
349 985 492 1068 tropicam
514 987 708 1050 elocutionem
730 987 761 1049 in
783 987 934 1069 prooemio
956 988 1070 1063 evitari,
1101 989 1151 1051 ubi
1174 986 1326 1063 δείνωσίς
1347 1012 1398 1063 τις

236 1090 289 1162 sit,
312 1089 448 1171 usurpari
470 1090 552 1153 iubet
573 1090 610 1170 (u
625 1091 666 1153 49
680 1123 701 1162 2,
725 1091 765 1152 50
782 1092 829 1168 nl·
873 1092 1035 1154 Alexander
1056 1091 1245 1174 praescribit,
1279 1101 1314 1154 ut
1335 1093 1397 1154 elo-

237 1193 315 1253 cutio
348 1192 379 1254 in
412 1194 563 1274 prooemio
596 1191 671 1268 υοδς
692 1192 852 1278 ἐμφανεῖς
873 1192 1017 1276 τρόπους
1044 1195 1150 1276 fngiat,
1182 1196 1212 1256 in
1238 1195 1399 1258 adfectibus

236 1291 363 1378 ποίίην
384 1293 443 1379 τήν
463 1297 623 1381 τροπικήν
638 1293 838 1381 κατασκευήν
859 1298 966 1361 babeat
981 1300 1029 1375 (W
1044 1299 1093 1362 Vll
1110 1300 1149 1361 52
1165 1332 1190 1371 ῃ
1201 1325 1245 1352 ·--·
1256 1298 1279 1360 V
1290 1299 1352 1360 382
1364 1331 1400 1372 11,

236 1397 316 1460 Ett
332 1405 380 1478 n)-
425 1399 663 1481 Harpocrationis
685 1410 890 1483 praeceptum,
918 1410 952 1463 ut
973 1411 1072 1465 orator
1093 1402 1123 1464 in
1147 1401 1401 1483 argumentatione

238 1495 296 1579 οὐχ
322 1496 412 1587 οἱπίνῇ
441 1497 517 1567 οὐδὲ
543 1502 782 1588 διακονουμένῃ
811 1506 849 1593 τῇ
878 1502 999 1588 φράσει
1028 1514 1129 1569 utatur
1150 1506 1186 1586 (E
1202 1506 1242 1568 49
1257 1509 1295 1583 21)
1323 1505 1400 1567 idem

237 1605 312 1666 valet
344 1614 430 1686 atque
457 1607 612 1670 Alexandri
645 1617 851 1689 praeceptum,
888 1618 922 1672 ut
955 1611 1242 1691 argumentationum
1276 1609 1401 1670 elocutio
1437 1659 1439 1662 .

238 1704 411 1790 περιόδοις
432 1709 488 1772 καὶ
510 1707 628 1784 κοίλοις
650 1706 810 1795 decepere
835 1713 873 1774 sit
895 1712 931 1792 (E
947 1713 987 1775 48
1003 1714 1051 1794 14).
1088 1713 1142 1776 alia
1164 1711 1401 1792 Harpocrationis

238 1822 392 1894 praccepta
411 1813 442 1876 in
457 1814 592 1895 Epitoma
608 1815 712 1877 tradita
727 1816 846 1877 utillud
862 1819 880 1892 ξ
899 1818 967 1891 104,
991 1817 1068 1897 quod
1085 1816 1262 1879 narrationis
1277 1814 1401 1876 virtutes

239 1925 358 1995 spectat,
381 1918 546 1999 propinqua
569 1928 640 1980 sunt
664 1919 714 1980 uni
726 1938 771 1996 ex
786 1919 1024 2000 llarpocrationis
1048 1921 1083 1981 de
1099 1920 1224 1982 statibus
1239 1917 1401 1999 praeceptis

238 2018 274 2080 ab
297 2020 487 2101 Hermogenis
511 2021 674 2083 scholiastis
690 2022 726 2083 W
741 2022 777 2083 IV
793 2022 855 2084 519
869 2054 905 2096 er,
928 2023 979 2084 Vll
994 2022 1055 2084 432
1072 2042 1115 2103 sq.
1139 2031 1262 2094 servato,
1285 2039 1344 2099 qno
1366 2020 1401 2080 de

239 2122 427 2185 collocatione
448 2125 504 2207 τῆς
525 2123 608 2187 κατὰ
630 2123 666 2188 ιδ
685 2120 767 2207 πρός
781 2147 813 2186 ιι
830 2121 1065 2197 ἄνυεξευοίυεως
1076 2134 1107 2187 et
1117 2123 1173 2208 τῆς
1184 2118 1402 2207 πηίιιιότηυος

238 2226 340 2303 agitur.
385 2227 540 2308 utrobique
566 2228 643 2290 enim
672 2229 773 2290 eadem
802 2227 877 2290 ratio
904 2228 1071 2302 adhibetur,
1102 2238 1135 2289 ut
1165 2246 1269 2290 causae
1295 2225 1401 2289 distin-

238 2340 366 2407 guantur
398 2341 428 2392 et
458 2351 512 2413 pro
545 2332 712 2394 diversitate
744 2351 845 2394 earum
873 2331 984 2393 diversa
1011 2331 1255 2412 praescribantur.
1303 2329 1401 2409 itaque

240 2432 513 2513 Harpocrationem,
546 2455 606 2515 qno
632 2446 735 2499 auctor
756 2436 834 2497 Artis
861 2434 984 2496 anobis
1007 2433 1157 2496 restitutae
1180 2452 1252 2495 usus
1275 2440 1336 2506 est,
1371 2441 1401 2494 et

237 2537 399 2608 rhetorem,
434 2537 484 2616 qni
511 2535 688 2620 Hermogeni
718 2540 887 2601 adversatus
920 2539 955 2600 de
988 2537 1113 2599 statibus
1141 2536 1273 2618 scripsit,
1308 2553 1400 2598 unum

237 2640 421 2720 eundemque
443 2660 507 2702 esse
529 2661 702 2723 persuasum
725 2641 896 2704 babemm'.

321 2742 423 2806 Restat
450 2754 484 2806 ut
505 2745 743 2826 harpocrationis
769 2747 932 2825 fragmenta
959 2743 989 2804 in
1012 2743 1167 2824 Epitomen
1190 2750 1305 2824 recepta
1326 2763 1402 2804 enn-

239 2864 399 2908 meremus:
423 2851 459 2924 ἓξ
475 2848 503 2919 8,
528 2848 578 2921 88,
604 2848 673 2920 104,
699 2848 874 2922 138-142,
899 2848 969 2921 159,
992 2846 1169 2908 244-252.

322 2951 384 3023 Qua
418 2959 512 3014 aetate
544 2952 714 3025 Alexander,
748 2951 888 3014 Numenii
920 2951 1012 3023 filius,
1046 2950 1097 3030 qui
1129 2950 1216 3012 etiam
1239 2948 1401 3011 Alexander

237 3051 400 3116 Numenius
422 3055 568 3116 nominari
590 3056 672 3130 solet,
695 3056 827 3117 lloruerit
848 3063 973 3116 constat.
1010 3072 1079 3115 nam
1102 3053 1228 3115 adeum
1251 3052 1401 3115 referenda

239 3167 323 3231 sunt,
356 3177 430 3237 qnae
453 3159 559 3220 Suidas
587 3178 610 3220 s.
636 3178 662 3220 v.
684 3157 822 3220 Numenii
845 3158 916 3220 dicit
939 3154 1136 3240 Νουμήνιος,
1160 3153 1279 3240 ῥήτωρ·
1324 3153 1403 3236 περὶ

237 3261 300 3324 τῶν
332 3262 388 3344 τῆς
420 3260 537 3335 λέξεως
563 3257 619 3323 καὶ
645 3262 701 3344 τῆς
729 3259 881 3334 διανοίας
908 3255 1100 3342 σχημάτων,
1134 3255 1316 3330 ὑποθέσεις
1337 3257 1403 3320 τῶν

240 3361 447 3428 Θουκυδίδου
480 3363 536 3427 καὶ
567 3366 818 3447 Δημοσθένους,
851 3364 967 3447 χρειῶν
1000 3358 1209 3444 συναγωγήν,
1239 3354 1402 3442 Ἀδριανῷ

238 3465 516 3551 παραμυθητικὸν
531 3459 578 3540 εἰς
589 3460 764 3530 Ἀντίνοον.
796 3467 833 3529 ab
855 3469 911 3529 hoc
925 3466 1070 3529 Numenio
1087 3465 1191 3528 Suidas
1207 3464 1401 3525 Alexandrum

237 3570 416 3632 Numenium
439 3569 586 3632 diversum
609 3591 674 3632 esse
696 3571 881 3645 existimarit,
904 3573 939 3633 de
959 3589 1017 3652 quo
1037 3589 1059 3631 s.
1076 3590 1102 3630 v.
1123 3567 1278 3630 Alexandri
1297 3566 1403 3646 legitur

233 3669 446 3755 Ἀλέξανδρος
468 3669 485 3735 ὁ
509 3677 711 3757 Νουμηνίου,
739 3669 917 3758 σοφιστής,
942 3674 992 3735 sed
1015 3673 1135 3735 Suidam
1159 3690 1272 3734 errasse
1294 3690 1328 3731 eo
1351 3669 1402 3730 ad-

305 3814 314 3846 ¹
334 3814 521 3876 Anaximenen,
544 3814 613 3863 cuins
631 3813 702 3863 codd.
721 3812 754 3879 Sp
766 3811 788 3862 ll
806 3812 854 3863 220
867 3828 893 3866 se
909 3808 941 3862 ad
963 3803 1180 3878 ἐπενθυμήματα
1203 3810 1259 3859 Ιοοο
1277 3808 1403 3873 simplicis

236 3875 414 3950 ἐνθυμήματα
427 3883 557 3945 exhibent,
568 3883 756 3949 epenthymema
768 3898 817 3930 non
831 3895 904 3931 nosse
914 3880 1064 3946 Spengelius
1076 3881 1125 3929 iam
1138 3875 1235 3928 mo'nnit
1243 3877 1269 3927 in
1280 3891 1403 3926 commen-

237 3951 305 4000 tario
323 3951 440 4002 Ararim.
474 3950 551 4002 .221.

305 4018 405 4070 ²Sitno
431 3966 473 4068 hii
496 4018 662 4085 Harpocratio
690 4033 734 4083 pro
761 4033 809 4066 nno
832 4033 864 4066 ex
886 4017 925 4067 eis
948 4016 1082 4078 habendus,
1108 4031 1171 4081 quos
1193 4015 1280 4065 eodem
1303 4013 1403 4062 nomine

238 4088 366 4152 praeditos
385 4088 488 4138 aliunde
505 4087 685 4150 cognoscimus,
706 4085 775 4136 nullo
793 4087 866 4135 modo
884 4086 963 4135 statui
976 4091 1068 4150 potest.
1103 4083 1241 4148 Seguerins
1253 4083 1279 4131 in
1293 4081 1402 4131 secunda

237 4157 400 4207 adnotatione
418 4155 548 4221 Epitomes
565 4155 672 4204 editioni
690 4156 787 4204 adnexa
801 4154 1023 4220 harpocrationem
1042 4153 1067 4201 in
1085 4152 1176 4202 libello
1192 4152 1262 4202 edito
1275 4150 1403 4226 landptnnr

237 4225 336 4275 Aelium
355 4224 579 4290 Harpocrationem
602 4239 659 4273 esse
682 4224 797 4288 sumpsit,
819 4225 909 4288 qnippe
930 4222 972 4272 cui
990 4238 1005 4271 a
1022 4221 1101 4270 Suida
1117 4222 1197 4286 τέχνη
1214 4218 1341 4287 peroptata
1359 4217 1403 4268 ad-

237 4293 402 4344 scriberetur.
437 4294 559 4356 rationes,
581 4292 669 4357 quibus
687 4291 824 4354 Seguerius
844 4291 946 4340 Aelium
963 4290 994 4339 ab
1012 4288 1210 4354 Harpocratione
1229 4289 1340 4346 rhetore,
1360 4286 1402 4352 qui

238 4361 301 4412 Veri
324 4370 473 4428 praeceptor
496 4361 575 4412 luisse
597 4362 716 4422 traditur,
741 4375 787 4408 non
810 4361 937 4410 diversum
960 4373 1017 4410 esse
1036 4357 1166 4424 probabat,
1189 4355 1326 4407 facillimae
1344 4361 1403 4406 sunt

237 4428 357 4484 refutatu.
