3590 5262
802 461 843 470 -
889 421 1025 489 XXXIV
1074 461 1111 469 -

374 613 479 684 ρεῒται
502 604 750 684 pronominibus
779 612 918 683 qomtuor
945 602 1085 664 orationis
1113 600 1251 682 partium,
1275 619 1349 681 quae
1371 600 1542 662 desideran-

372 715 421 768 tur
455 714 484 768 et
509 706 539 767 in
579 707 679 769 HSael
707 716 843 786 excerpto
874 707 952 768 Artis
977 705 1012 764 W
1028 706 1063 767 lll
1079 706 1168 776 511,
1200 705 1348 784 leguntur,
1382 703 1468 766 verba
1502 701 1543 765 τὰ

374 813 574 893 προκείμενα
596 812 665 890 poni
690 830 748 872 non
771 819 916 892 poterant,
944 809 1002 871 nisi
1023 811 1150 889 quodam
1175 809 1262 870 modo
1290 809 1346 869 iam
1369 806 1483 868 libellus
1507 807 1542 868 de

372 923 513 994 quattuor
535 913 675 976 orationis
698 915 830 994 partibus
852 914 916 975 fore
931 914 1027 975 dictus
1043 923 1130 974 esset.
1174 911 1273 992 itaque
1288 911 1414 973 dubitari
1429 911 1541 991 nequit,

372 1017 444 1097 quin
466 1017 554 1079 index
576 1016 698 1079 Cornuti
720 1018 798 1079 Artis
832 1018 896 1079 talis
929 1017 1027 1091 luerit,
1061 1017 1176 1096 qualem
1200 1015 1360 1078 Finclxbius
1391 1015 1490 1090 voluit,
1513 1023 1542 1075 et

373 1121 551 1200 epitomator
573 1121 652 1182 Artis
675 1122 801 1182 eundem
825 1122 970 1202 receperit
990 1132 1078 1201 atque
1099 1121 1134 1182 ad
1156 1121 1237 1181 hune
1260 1127 1395 1199 spectans
1418 1137 1541 1181 enume-

371 1225 515 1286 rationem
544 1225 684 1285 orationis
710 1224 839 1304 partium
870 1244 938 1288 cunr
966 1225 1062 1286 verbis
1090 1222 1131 1286 τὰ
1153 1224 1353 1305 προκείμενα
1377 1222 1540 1284 mutaverit.

371 1346 439 1391 cunr
456 1337 554 1389 autem
577 1327 721 1390 incertum
740 1330 786 1402 sit,
811 1348 882 1391 uum
898 1329 985 1390 verba
1000 1327 1207 1407 inscriptionis,
1231 1347 1287 1406 qua
1303 1328 1451 1390 Cornutus
1467 1345 1541 1407 opus

374 1451 461 1493 suum
484 1431 635 1504 instruxit,
657 1452 780 1512 prorsus
803 1433 904 1494 eadem
926 1430 1052 1504 fuerint,
1081 1450 1156 1509 quae
1177 1429 1337 1493 Finckbius
1358 1429 1541 1511 proposuit¹‚

372 1554 428 1596 nos
451 1535 521 1596 baec
543 1536 629 1596 verba
653 1536 734 1616 operi
755 1537 915 1617 praeligare
936 1553 996 1597 non
1019 1534 1081 1596 ausi
1095 1535 1125 1595 in
1142 1534 1227 1596 titulo
1248 1531 1434 1615 Κορνούιοο
1447 1534 1540 1616 τέχνη

373 1630 526 1721 ῥητορική
548 1639 793 1719 acquiescendum
818 1659 881 1701 esse
904 1659 1066 1701 censemus.

458 1742 600 1813 Titulum,
634 1763 721 1822 quem
745 1743 767 1804 P
791 1743 917 1815 exhibet,
951 1750 1018 1822 post
1049 1740 1250 1821 epitomatoris
1284 1749 1416 1821 tempora
1445 1739 1542 1801 libello

372 1844 584 1924 praescriptum
607 1863 672 1905 esse
694 1864 729 1905 eo
752 1846 952 1918 confirmatur,
975 1845 1053 1925 quod
1075 1845 1187 1907 indices
1210 1845 1391 1924 singulorum
1412 1843 1540 1924 capitum

373 1949 473 2008 eadem
497 1957 590 2009 aetate
612 1947 703 2008 additi
725 1956 804 2010 sunt.
848 1948 878 2009 in
901 1949 924 2008 P
947 1959 1086 2027 quattuor
1101 1949 1250 2029 Epitomes
1266 1948 1359 2027 capita
1376 1948 1541 2026 distiguun-

373 2061 430 2124 tur,
452 2070 578 2130 quorum
603 2070 675 2112 suus
691 2052 797 2130 cuique
812 2051 898 2111 index
914 2061 971 2112 est:
995 2052 1091 2132 primo
1106 2052 1183 2131 περὶ
1201 2053 1396 2133 προοιμίων,
1413 2050 1541 2111 secundo

373 2153 450 2236 περὶ
479 2152 676 2236 διηγήσεων,
711 2154 797 2215 tertio
827 2153 903 2236 περὶ
938 2156 1095 2228 πίστεων,
1128 2165 1232 2234 quarto
1266 2153 1344 2236 περὶ
1367 2150 1540 2230 ἕπιλόγων.

373 2257 548 2337 epitomator
581 2267 679 2318 autem
703 2257 825 2318 Cornuti
846 2258 924 2317 Artis
958 2257 1120 2318 secundum
1155 2267 1242 2338 caput
1274 2257 1351 2318 inlra
1383 2254 1441 2318 τὸν
1464 2254 1541 2336 περὶ

373 2355 529 2440 εὑρέσεως
563 2355 715 2439 δεύτερον
747 2356 850 2440 τόμον
883 2359 1054 2421 nominavit.
1109 2360 1204 2421 verbis
1237 2360 1315 2421 enim
1343 2361 1366 2421 E
1393 2361 1541 2439 4917sq,

373 2481 447 2541 quae
470 2463 655 2542 epitomatori
689 2462 788 2523 deberi
820 2462 920 2523 statim
954 2463 1212 2538 demonstrabitur,
1247 2463 1484 2544 Harpocrationis
1506 2465 1542 2525 de

373 2566 548 2627 narrationis
572 2565 736 2627 elocutione
757 2574 911 2644 praecepta
933 2564 1011 2627 inter
1033 2566 1163 2627 eiusdem
1188 2567 1224 2629 de
1245 2568 1388 2648 prooemii
1410 2577 1439 2629 et
1455 2586 1543 2647 argu-

375 2669 561 2729 mentationis
584 2668 748 2729 elocutione
770 2678 924 2747 praecepta
951 2669 1059 2730 omissa
1086 2689 1150 2730 esse
1178 2670 1328 2743 dicuntur,
1351 2670 1418 2750 quia
1441 2668 1476 2732 ἐν
1497 2670 1542 2748 τῷ

374 2770 451 2850 περὶ
475 2764 630 2851 εὑρέσεως
652 2769 791 2853 δευτέρῳ
815 2766 903 2852 τόμῳ
926 2772 1069 2852 descripta
1095 2782 1203 2834 esseut
1257 2773 1288 2834 in
1317 2773 1451 2853 Epitoma
1480 2773 1542 2854 ipsa

374 2883 442 2953 post
458 2873 611 2935 Alexandri
634 2875 670 2935 de
693 2874 867 2935 narrationis
887 2874 1050 2935 elocutione
1066 2885 1218 2956 praecepta
1241 2877 1291 2955 (θῇ
1308 2876 1367 2938 136
1379 2877 1446 2956 sq.),
1468 2895 1542 2956 quae

375 2975 515 3036 desinunt
529 2976 559 3036 in
576 2977 661 3038 verba
678 2973 719 3049 ὠς
735 2976 794 3057 μὲν
810 2971 868 3039 οὖν
890 2975 1039 3040 καθόλου
1063 2979 1184 3053 εἰπεῖν,
1208 2973 1343 3062 τοιαύτη
1365 2977 1383 3061 ἡ
1400 2982 1455 3062 τῆς
1470 2978 1542 3062 διη-

373 3075 497 3161 γήσεως
525 3075 680 3161 ἑρμηνεία
708 3082 821 3141 τεκαὶ
845 3075 1034 3164 ὑπόκρισις,
1064 3081 1209 3162 incipiunt
1236 3083 1283 3143 illa
1306 3082 1542 3163 llarpocrationis

374 3191 537 3263 praecepta,
570 3184 604 3244 ad
636 3202 710 3262 quae
743 3184 830 3245 verba
852 3185 971 3254 134917
1006 3185 1177 3264 respiciunt,
1205 3188 1241 3247 ab
1267 3187 1418 3247 enuntiato
1442 3182 1485 3258 oie
1506 3184 1544 3248 δὲ

374 3284 457 3346 κατὰ
477 3287 596 3369 μέτρον
618 3284 856 3369 διηγηματικὸν
878 3286 993 3364 λέγειν.
1038 3306 1105 3349 oum
1122 3289 1179 3348 boo
1193 3289 1379 3350 enuntiatum
1401 3289 1543 3351 iacturam

374 3388 572 3468 complurium
600 3390 809 3452 vocabulorum
844 3391 989 3472 accepisse
1022 3392 1211 3472 perspicuum
1244 3392 1291 3464 sit,
1314 3392 1483 3454 dubitamus
1506 3411 1542 3454 an

374 3491 450 3553 inter
471 3493 593 3572 perdita,
617 3511 692 3572 quae
715 3493 826 3573 integra
849 3494 930 3555 refici
956 3514 1042 3574 posse
1071 3495 1284 3574 desperandum
1314 3503 1367 3568 est,
1391 3496 1476 3557 verba
1501 3492 1544 3569 oie

372 3588 616 3674 Ἁρποκρατίων
632 3594 715 3676 φησὶ
738 3598 855 3658 luerint.
900 3617 966 3658 nam
990 3601 1026 3673 ἐξ
1044 3598 1210 3660 tae-142
1233 3616 1293 3660 non
1316 3599 1374 3660 iarn
1389 3599 1543 3661 Alexandri

375 3696 426 3759 sed
449 3697 685 3777 llarpocrationis
708 3719 772 3762 esse
796 3701 872 3762 baud
896 3721 957 3763 uno
979 3710 1153 3780 argumento
1175 3701 1328 3764 evincitur.
1383 3702 1544 3764 Alexander

375 3801 536 3879 generatim
571 3803 605 3863 de
639 3803 804 3864 elocutione
837 3804 977 3866 orationis
1010 3805 1138 3885 partium
1172 3805 1370 3886 praescribere
1397 3807 1471 3868 solet
1493 3807 1542 3886 (cl.

443 4027 454 4060 1
471 4026 580 4077 Litteris
601 4028 640 4079 HS
659 4031 827 4082 vetustiorem
846 4031 918 4081 illum
936 4031 1101 4096 Hermogenis
1119 4034 1149 4082 de
1167 4032 1220 4084 lnv.
1238 4035 1362 4085 librorum
1381 4035 1544 4084 seboliastam

375 4094 560 4160 significamus,
588 4098 661 4148 cuius
690 4107 809 4165 excerpta
837 4100 911 4151 Artis
937 4101 963 4150 io
990 4101 1122 4168 anonymis
1149 4102 1272 4166 Seboliis,
1298 4104 1431 4170 anonymis
1457 4103 1544 4155 Prole-

376 4165 491 4226 gomenis
503 4163 522 4227 l,
541 4169 722 4217 commentario
743 4168 978 4231 Pseudogeor·giaoo
999 4185 1054 4219 esse
1072 4170 1310 4222 demonstravimus.

444 4231 524 4282 2Αίὶἰ
544 4235 641 4284 similes
660 4237 732 4286 tituli
751 4238 839 4287 libello
858 4239 923 4287 baud
942 4238 1024 4287 minus
1041 4241 1095 4302 epti
1114 4245 1173 4288 suot
1191 4247 1218 4288 ut
1240 4241 1324 4306 Τέχνη
1344 4241 1408 4305 περὶ
1427 4241 1480 4291 τῶν
1497 4241 1545 4290 τοῦ

374 4295 455 4367 λόγου
479 4300 578 4373 μερῶν,
607 4303 650 4367 qni
678 4308 800 4355 extremis
827 4305 957 4370 Epitomee
985 4308 1072 4355 verbis
1099 4309 1189 4357 melius
1217 4323 1288 4372 quem
1306 4307 1425 4358 Fiuclbii
1452 4309 1544 4358 titulus

374 4370 517 4435 respondet,
538 4371 580 4421 vel
596 4373 680 4438 Τέχνη
697 4375 763 4440 περὶ
774 4379 930 4442 προοιμίων
946 4376 991 4424 καί
1004 4364 1151 4442 διηγήσεων
1163 4377 1209 4426 καὶ
1220 4379 1341 4427 πίστεων
1351 4377 1398 4427 καὶ
1409 4369 1545 4444 ἔπιλόγων

374 4436 418 4500 (cf.
439 4436 473 4487 W
485 4437 519 4491 tv
538 4439 570 4490 35
585 4455 606 4505 o,
625 4438 670 4492 VII
690 4443 720 4492 19
733 4444 778 4506 ns),
797 4443 838 4508 qui
857 4443 888 4492 ad
907 4443 986 4508 prima
1005 4443 1135 4508 Epitomes
1153 4444 1233 4494 verba
1252 4446 1343 4511 optime
1362 4447 1476 4512 quadrat.
