3590 5262
838 373 1105 438 -XLII-

388 548 530 625 πολλοδς
563 549 600 615 δὲ
626 548 893 635 σχετλιασμοόςῙ,
926 548 984 635 τήν
1016 576 1050 615 τε
1077 550 1251 637 ἑρμηνείαν
1278 554 1491 635 συγκειμένην
1519 543 1554 613 ἐκ

386 654 542 737 τροπικῆς
572 652 717 737 μάλλον’
744 655 799 716 καὶ
834 653 1039 738 σημειιόδοος
1065 656 1203 731 λέξεως8
1233 655 1414 739 δυναμένης
1441 656 1553 737 μέντοι

387 767 504 820 πεσεῖν
526 759 573 832 εἰς
596 757 786 832 πολιτικοὺς
807 755 931 837 λόγους.
977 757 1024 822 ἔτι
1047 758 1084 821 δὲ
1107 759 1163 821 καί
1184 758 1288 843 τούτῳ
1312 758 1479 841 διαφέρει,
1503 752 1553 820 ὅτι

387 858 496 925 πολλά
509 861 574 924 τάν
588 860 623 924 ἐν
637 872 706 934 τοῖς
721 865 914 945 προοιμίοις
929 861 1115 942 λεχθέντων
1130 858 1234 926 οὐκέτ’
1246 861 1281 926 ἐν
1295 873 1367 936 τοῖς
1382 856 1555 939 ἐπιλόγοις

386 963 528 1041 λεκτέον,
562 962 635 1028 οίον
665 957 889 1028 δποπτεόεταί
922 988 971 1039 τις
1004 963 1064 1028 διά
1096 969 1288 1049 περιεργίαν
1316 962 1337 1050 ἢ
1366 964 1425 1027 διά
1451 962 1554 1028 πολο·

387 1063 622 1151 πραγμοσόνην
644 1064 869 1152 εἰσερχόμενος
890 1066 965 1141 τούς
987 1064 1127 1147 ἀγῶνας,
1151 1068 1310 1152 λυθείσης
1331 1069 1388 1153 τῆς
1401 1064 1555 1152 ὑποψίας

387 1169 422 1235 ἐν
454 1171 499 1255 τῷ
532 1174 699 1254 προοιμίῳ
734 1167 841 1235 oliveta
872 1165 992 1254 ἀνάγκη
1024 1167 1059 1234 ἐν
1085 1172 1132 1254 τῷ
1161 1169 1305 1256 ἐπιλόγῳ
1333 1171 1410 1253 περὶ
1437 1166 1554 1234 τοότοο

387 1274 507 1352 λέγειν,
535 1273 591 1335 καὶ
618 1270 716 1336 ἄλλαι
744 1277 830 1347 τινές
860 1267 924 1336 εἶσι
953 1276 1174 1358 προοιμιακαί
1203 1267 1291 1350 ὗλαι,
1326 1280 1449 1348 αἳτινες
1474 1268 1555 1337 ὅταν

387 1377 685 1459 διαπεραιωθῶσιν
707 1376 742 1441 ἐν
755 1387 826 1451 τοϊς
842 1382 1047 1460 προοιμίοις,
1071 1378 1227 1462 περιττόν
1250 1378 1408 1442 ποιοῦσιν
1430 1377 1463 1440 ἐν
1485 1386 1554 1450 τοῖς

387 1478 558 1558 ἐπιλόγοις
579 1478 638 1543 τδν
659 1480 736 1564 περὶ
760 1479 883 1544 ἑαυτόν
905 1477 1012 1558 λόγον.
1058 1482 1096 1546 οὐ
1119 1480 1220 1566 μόνον
1235 1481 1273 1544 δὲ
1287 1481 1351 1546 τῶν
1365 1484 1556 1564 προοιμίων

388 1583 454 1647 είσί
475 1603 561 1656 τινες
583 1577 671 1659 ὗλαι,
695 1581 749 1658 αίς
772 1579 809 1648 οὗ
831 1585 990 1667 χρώμεθα
1019 1583 1054 1648 ἐν
1080 1596 1152 1661 τοῖς
1173 1583 1357 1664 ἐπιλόγοις,
1387 1579 1470 1646 ἄλλά
1498 1582 1554 1647 καὶ

386 1688 452 1752 τάν
484 1682 661 1764 ἕπιλόγων,
696 1679 742 1750 dv
769 1685 826 1752 οὔκ
852 1686 940 1750 ἐστιν
969 1686 1005 1751 ἐν
1029 1697 1100 1762 τοίς
1128 1692 1322 1772 προοιμίοις
1347 1691 1452 1770 χρεία,
1484 1684 1556 1751 οίον

387 1789 465 1873 περὶ
486 1790 551 1853 τῶν
572 1788 762 1874 κεφαλαίων
784 1787 842 1854 οὐκ
864 1788 930 1870 ἔχει
954 1789 1059 1865 καλάς
1079 1790 1117 1854 τδ
1138 1790 1197 1866 τάς
1218 1784 1407 1875 ὑπολήψεις
1429 1788 1465 1854 ἐν
1485 1799 1555 1862 τοϊς

387 1896 581 1976 προοιμίοις
603 1890 796 1974 λαμβάνειν·
819 1890 1080 1977 ἑλκοποιησομεν
1101 1887 1166 1978 γάρ
1187 1894 1224 1958 τδ
1248 1898 1440 1977 προοίμιον·
1464 1891 1500 1956 ἐν
1518 1891 1555 1954 δέ

387 2008 457 2071 τοϊς
473 1993 645 2074 ἐπιλόγοις
661 1991 782 2080 ἀνάγκη
798 1999 893 2060 πάσα
909 2000 942 2060 ἐν
953 2020 985 2060 τι
1001 1994 1184 2080 λαμβάνειν
1194 1994 1301 2062 αὐτῶν
1312 1999 1359 2071 είς
1374 1996 1557 2080 ἐπίρρωσιν

388 2097 408 2182 ἢ
441 2101 653 2183 παραίτησιν.
699 2097 747 2162 ἔτι
782 2098 819 2161 δέ
852 2098 907 2161 καί
937 2097 1039 2184 τούτῳ
1069 2100 1235 2184 διαφέρει,
1271 2095 1321 2164 ὅτι
1355 2098 1390 2164 ἐν
1422 2098 1483 2182 μὲν
1511 2099 1556 2184 τῷ

387 2206 554 2287 προοιμίῳ
582 2200 698 2276 πάθος
727 2200 910 2294 ἐμποιῆσαι
942 2201 1006 2278 δεῖ,
1036 2201 1071 2266 ἐν
1098 2203 1135 2266 δὲ
1160 2205 1207 2288 τῷ
1233 2201 1379 2287 ἐπιλόγῳ
1403 2200 1556 2287 προδπδν

388 2303 529 2391 αὐξῆσαι
552 2305 607 2369 καί
631 2303 843 2388 ἐπιρροίσαιί.

472 2410 511 2472 Ut
539 2419 740 2490 cognoscatur,
770 2428 845 2488 qnae
872 2408 1024 2489 dispositio
1050 2411 1080 2472 in
1104 2410 1214 2491 reliqua
1237 2420 1321 2492 parte
1341 2410 1429 2492 primi
1451 2410 1487 2472 de
1508 2411 1554 2471 in·

388 2514 524 2576 ventione
553 2514 626 2575 torni
652 2513 755 2585 luerit,
786 2514 909 2573 extremi
936 2513 1008 2575 torni
1031 2515 1151 2576 seeundi
1174 2526 1308 2596 excerpta
1331 2515 1399 2576 inde
1421 2534 1437 2576 a
1459 2518 1477 2590 §
1496 2513 1553 2574 113

388 2617 562 2679 eonferenda
585 2625 664 2678 sunt.
719 2615 750 2676 in
784 2615 891 2695 quibus
924 2626 991 2678 ante
1018 2617 1173 2679 Alexandri
1204 2626 1234 2680 et
1256 2617 1493 2698 Harpocrationis
1521 2617 1556 2679 de

388 2719 562 2782 narrationis
584 2718 748 2780 elocutione
769 2719 866 2792 verba,
888 2739 963 2799 quae
984 2721 1019 2782 ad
1042 2722 1179 2801 quintum
1203 2729 1317 2783 tomum
1339 2721 1461 2785 Cornuti
1476 2719 1556 2782 Artis

388 2824 540 2902 releganda
563 2830 641 2898 sunt,
664 2830 803 2903 quattuor
824 2832 920 2902 partes
944 2823 1174 2903 distinguuntur.
1211 2825 1305 2905 prima
1320 2822 1555 2903 (ww-123)

388 2927 539 3008 quaeritur
572 2936 671 2988 utrum
699 2924 894 2987 narrationem
925 2927 1157 3007 praetermittere
1182 2928 1267 2990 liceat
1293 2945 1394 3001 neone,
1428 2927 1555 2988 secunda

388 3033 437 3111 (ξς
457 3028 634 3104 tto-131)
662 3047 721 3109 quo
748 3029 811 3091 loeo
839 3031 967 3092 narratio
988 3031 1123 3110 ponenda
1146 3031 1197 3104 ait,
1221 3033 1306 3093 tertia
1328 3033 1377 3108 (ξς
1395 3029 1464 3104 132,
1482 3029 1555 3109 133)

388 3146 489 3197 utrum
523 3132 651 3195 narratio
685 3132 771 3194 dividi
804 3133 898 3212 possit
929 3152 1030 3205 neone,
1064 3144 1166 3214 quarta
1201 3139 1249 3211 (ἐξ
1271 3134 1341 3207 134,
1377 3133 1449 3212 135)
1482 3151 1555 3195 num

387 3239 487 3320 plures
509 3235 692 3298 narrationes
713 3235 743 3297 in
767 3254 824 3297 una
847 3237 1007 3316 eademque
1028 3257 1115 3299 eausa
1137 3237 1204 3299 sint
1249 3239 1361 3318 primae
1383 3247 1414 3299 et
1435 3236 1554 3298 ultimae

387 3340 464 3422 parti
493 3338 616 3403 Cornuti
642 3337 720 3400 Artis
747 3337 834 3418 primi
863 3339 897 3400 de
924 3339 1091 3402 inventione
1118 3340 1190 3402 tomi
1216 3353 1351 3420 excerpta
1377 3343 1414 3415 ξς
1429 3338 1554 3400 21-35

456 3578 568 3630 ¹Varba
591 3577 656 3644 apud
674 3575 851 3628 Marcellinum
869 3577 995 3628 vocabulo
1020 3573 1216 3644 σχειλιασμοδς
1239 3576 1386 3626 continuata
1406 3575 1439 3626 W
1451 3574 1486 3628 W
1504 3574 1553 3625 428
1587 3620 1591 3626 .

388 3662 467 3702 14—1o
489 3648 535 3698 καὶ
556 3642 589 3696 τά
613 3645 663 3711 μίν
680 3673 712 3682 -
729 3640 777 3709 τὴν
797 3638 904 3714 φράσιν
921 3661 970 3696 non
990 3661 1004 3695 a
1023 3645 1128 3696 Cornuti
1148 3647 1211 3697 Arte
1234 3645 1344 3712 repetita
1368 3641 1436 3706 sunt,
1462 3645 1507 3694 sed
1529 3650 1555 3694 ot

386 3717 448 3766 haee
467 3723 494 3767 et
511 3714 589 3766 verba
601 3714 674 3765 Artis
693 3720 813 3779 exoerpto
831 3715 929 3764 adnexa
942 3714 974 3766 W
988 3713 1021 3765 lv
1040 3714 1090 3764 428
1103 3727 1182 3766 ao-oo
1199 3712 1322 3782 διαφέρει
1341 3741 1371 3749 -—
1390 3706 1465 3771 αὔξει
1481 3727 1554 3779 para-

388 3785 487 3849 phrasis
511 3782 677 3849 Hermogenis
700 3783 835 3833 verborum
858 3781 925 3848 Spll
947 3782 994 3832 149
1011 3798 1036 3835 11
1047 3797 1099 3848 sqq.
1122 3789 1190 3832 sunt.
1226 3782 1258 3832 el.
1277 3781 1454 3834 Mareellinam
1471 3779 1507 3832 W
1519 3778 1552 3830 1v

386 3851 434 3904 421
450 3865 510 3906 a-a.

455 3919 466 3952 ²
484 3918 521 3970 Cl.
540 3919 682 3970 Alexandri
700 3927 835 3984 praerepta
852 3918 873 3968 ll
892 3918 925 3985 ἕξ
938 3917 996 3979 238,
1014 3917 1072 3968 243.

455 3987 466 4021 ³
484 3987 521 4039 Cl.
541 3988 682 4039 Alexandri
698 3995 860 4054 praeceptum
877 3986 898 4036 ll
916 3987 1003 4053 §tto

455 4057 466 4089 ⁴
484 4057 552 4107 llane
569 4056 730 4120 sententiam,
749 4072 819 4122 qnam
833 4056 947 4122 Epitomo
967 4055 1068 4106 nonnisi
1087 4056 1110 4103 in
1126 4054 1255 4120 excerptis
1269 4055 1353 4120 quarti
1365 4055 1395 4104 do
1408 4054 1553 4104 inventione

388 4125 450 4177 tomi
468 4125 499 4175 tv
512 4142 538 4178 11
557 4125 669 4189 exhibet,
691 4126 760 4176 inter
783 4139 812 4175 aa
834 4124 924 4188 luisse,
947 4139 1009 4190 qnae
1030 4140 1045 4175 a
1068 4123 1179 4174 Cornuto
1202 4124 1228 4173 in
1250 4125 1329 4189 primo
1351 4122 1382 4173 de
1404 4122 1553 4173 inventione

388 4202 456 4244 tomo
479 4195 509 4244 da
532 4193 676 4244 differentia
700 4193 822 4259 prooemii
844 4200 871 4244 et
894 4193 990 4257 epilogi
1008 4193 1165 4252 dicebantur,
1186 4191 1353 4243 Marcellinus
1370 4197 1490 4254 testatur,
1512 4190 1553 4255 qni

387 4262 467 4314 verba
484 4277 530 4312 sno
549 4262 607 4312 loeo
625 4263 721 4324 legisse
739 4269 765 4313 et
782 4263 829 4312 hae
847 4276 876 4312 re
894 4267 1032 4312 commotus
1049 4275 1105 4311 essa
1118 4260 1227 4321 videtur,
1245 4268 1274 4309 ut
1286 4257 1320 4309 W
1333 4257 1367 4311 IV
1378 4259 1429 4309 428
1442 4274 1468 4313 aa
1481 4273 1554 4324 parn-

387 4331 489 4396 phrasin
513 4331 634 4382 similium
653 4331 816 4394 llarmogenia
835 4330 979 4393 verborum,
1006 4332 1036 4382 de
1059 4328 1148 4394 quibos
1167 4326 1199 4380 el.
1219 4343 1293 4393 snpra
1311 4326 1370 4379 ndn.'
1382 4328 1404 4391 1,
1432 4343 1478 4398 pro
1497 4327 1552 4378 illia

387 4399 565 4450 substitueret.
600 4398 632 4450 el.
651 4400 707 4449 adn.
719 4395 834 4449 XXXVI
847 4413 867 4450 n.
