3586 5260
730 406 951 468 ..49-

344 583 415 644 244.
454 582 520 667 Τῆς
546 580 583 645 δὲ
610 580 727 655 λέξεως
754 585 922 666 προοιμίῳ
950 580 1010 663 μὲν
1033 579 1173 666 άρμόσει
1195 579 1232 646 τό
1256 579 1429 646 πολιτικον

259 685 315 748 καί
338 684 473 769 μηδαμῆ
494 683 654 768 τροπικόν
677 681 751 748 ἀλλ’
775 682 938 763 ἐγγυτάτω
954 687 1013 748 τοῦ
1028 686 1111 749 κατὰ
1127 681 1242 769 φύσιν·
1260 681 1428 768 προκατά-

259 804 375 862 στασις
400 786 463 871 γάρ
490 787 561 851 ἐστι
587 788 623 851 τὸ
656 792 837 872 προοίμιον
864 789 923 852 τού
950 785 1065 867 λόγου,
1093 785 1129 850 αἱ
1152 787 1190 851 δέ
1210 788 1333 870 τροπαὶ
1355 799 1430 863 ταῖς

259 902 465 975 καταφοραῖς
498 890 623 970 μᾶλλον
655 886 872 975 άρμόσουσιν.
923 887 961 955 ού
988 884 1070 976 μήν,
1099 895 1218 975 φησίν,
1246 891 1363 975 ἐπειδὴ
1391 892 1428 956 τὸ

225 1004 241 1058 5
261 997 575 1078 παρατετραμμένον
604 994 660 1058 καί
683 993 904 1078 παράθερμον
930 991 1206 1076 παραιτούμεθα,
1235 991 1352 1059 ἄτονον
1374 1000 1430 1057 καί

259 1097 394 1182 νωθρὸν
416 1101 503 1162 εἶναι
533 1097 586 1161 δεῖ
611 1098 668 1162 τὸν
694 1096 810 1177 λόγον,
839 1095 916 1163 ἀλλ’
944 1095 988 1172 ώς
1014 1096 1063 1161 ἔνι
1093 1095 1239 1179 μάλιστα
1265 1097 1432 1182 κινητικὸν
1530 1117 1533 1132 ·

260 1204 319 1265 τοῦ
353 1199 524 1286 ἀκροατοῦ.
579 1201 651 1264 245.
686 1201 737 1264 δεῖ
769 1200 824 1278 δέ,
851 1194 952 1285 φησί,
981 1200 1061 1285 μήτε
1089 1200 1261 1282 περιόδοις
1289 1211 1432 1284 μακραῖς

260 1306 420 1389 χρῆσθαι·
445 1302 702 1388 προαποκάμνει
724 1306 786 1389 γάρ
807 1301 1001 1389 δάκροατὴς
1017 1304 1072 1367 καί
1088 1301 1318 1386 προεκλύεται·
1348 1302 1432 1369 ἀλλὰ

262 1408 461 1484 συστέλλειν,
485 1409 541 1472 καί
564 1409 608 1493 μὴ
625 1406 881 1493 περιουσιάζειν.
925 1412 1052 1487 γίνεται
1069 1407 1117 1483 δέ,
1140 1410 1236 1491 φησί,
1252 1409 1349 1472 τούτο
1373 1408 1432 1472 διά

210 1519 243 1572 10
261 1514 317 1596 τῆς
344 1508 541 1595 κυριότητος.
591 1513 662 1574 246.
691 1507 923 1594 εὐρυθμότατα
950 1511 1004 1588 δέ,
1033 1515 1133 1596 φησί,
1164 1511 1230 1575 τών
1259 1507 1433 1594 νοημάτων

260 1610 301 1678 τά
316 1625 390 1688 ταῖς
406 1617 725 1698 περιγεγραμμέναις
740 1617 926 1696 προθέσεσι
948 1617 1252 1699 περιγεγραμμένας
1267 1612 1433 1696 έπιφοράς

262 1713 485 1794 ἀποδιδόντα,
509 1714 548 1782 ού
570 1717 634 1800 μην
656 1703 729 1780 ἀλλ’
757 1716 862 1782 ἐνίοτε
888 1716 1068 1796 ἐναγώνιον
1095 1715 1188 1779 ἔσται
1209 1716 1247 1780 τό
1268 1719 1432 1792 τοιοῦτον,

263 1820 368 1883 ἐνίοτε
390 1820 445 1896 δέ,
468 1823 587 1904 φησίν,
613 1817 651 1883 οὗ
677 1821 736 1883 τού
762 1821 840 1904 περὶ
866 1822 925 1905 τὴν
951 1819 1119 1885 ἀπόδοσιν
1142 1816 1324 1902 εὐρύθμου,
1348 1816 1435 1882 ἀλλὰ

263 1923 322 1986 τοῦ
351 1925 430 2005 περὶ
456 1923 515 2006 τὴν
541 1921 696 1988 διάνοιαν
722 1928 884 2007 χρησίμου
912 1927 1125 2008 προνοητέον,
1150 1918 1261 2005 ώσπερ
1284 1922 1339 1985 καὶ
1364 1929 1434 2006 Δη-

215 2033 247 2087 15
266 2028 434 2111 μοσθένης
456 2025 491 2089 έν
512 2027 558 2110 τώ
573 2026 651 2110 περί
670 2029 729 2090 τοῦ
745 2025 924 2111 στεφάνου·
946 2028 1005 2112 την
1019 2028 1081 2110 γάρ
1098 2026 1252 2109 δευτέραν
1267 2023 1435 2107 ἐπιφοράν

266 2126 502 2214 άπεριγράφως
525 2125 665 2202 ἐξέτεινε
686 2129 746 2193 διά
766 2130 804 2193 τό
828 2129 994 2196 πλειόνων
1017 2132 1224 2194 κατασκευῶν
1247 2128 1398 2192 δεῖσθαι.

352 2234 435 2313 ,Περὶ
453 2231 551 2319 (μὲν)
571 2228 629 2297 οὗν
652 2237 840 2316 προοιμίων
861 2237 1019 2310 τοσαῦτα,
1037 2234 1114 2317 περὶ
1130 2233 1168 2295 δέ
1182 2233 1238 2316 τῆς
1253 2228 1435 2317 διηγήσεως

267 2338 395 2419 είρηται
418 2335 454 2400 ἐν
475 2336 522 2419 τῷ
544 2335 622 2418 περὶ
644 2332 802 2418 εὑρέσεως
824 2332 962 2422 δευτέρῳ
985 2334 1084 2422 τόμφ.

351 2441 421 2502 247.
461 2444 543 2513 Ταῖς
565 2439 603 2503 δέ
630 2435 876 2524 κεφαλαιώδεσι
905 2450 1120 2515 κατασκευαῖς
1146 2436 1308 2522 διάφορος
1336 2434 1353 2500 ὁ
1379 2437 1436 2521 τῆς

215 2549 250 2601 ’20
268 2541 384 2616 λέξεως
406 2540 583 2626 χαρακτήρ·
608 2540 650 2618 ώς
671 2543 734 2626 γάρ
757 2540 918 2620 καθόλου,
942 2548 1055 2629 φησίν,
1080 2544 1200 2618 εἰπεῖν,
1225 2536 1335 2605 πάντα
1354 2539 1436 2625 μετὰ

267 2645 389 2730 βάρους
411 2649 597 2730 προακτέον
620 2649 675 2709 καὶ
699 2643 758 2727 ούχ
780 2643 871 2736 άπλῇ
894 2643 971 2711 οὐδὲ
987 2646 1226 2730 διακεκομμένη
1246 2647 1286 2734 τῇ
1302 2639 1435 2729 φράσει.

267 2749 340 2812 248.
364 2747 405 2823 ώς
428 2752 541 2832 μέντοι
564 2750 647 2812 κατὰ
668 2749 726 2834 την
750 2749 842 2815 ίδίαν
864 2746 1073 2836 προαγωγήν,
1097 2749 1198 2812 καλὸν
1212 2748 1270 2823 τὰς
1292 2748 1352 2832 μὲν
1373 2748 1438 2811 τών

268 2851 533 2936 ἐπιχειρημάτων
553 2855 668 2928 θέσεις
690 2850 800 2928 άπλᾶς
822 2853 878 2916 καί
901 2863 1020 2936 σαφεῖς
1039 2855 1139 2926 εἶναι,
1164 2851 1377 2936 προάγεσθαι
1400 2849 1438 2914 δὲ

268 2948 353 3018 αύτά
374 2952 613 3040 λαγαρώτερον,
636 2959 767 3031 πυκνώς
789 2961 862 3041 μέν,
891 2955 1079 3028 διεξοδικῶς
1107 2954 1160 3030 δέ,
1184 2954 1271 3039 πλὴν
1292 2954 1351 3018 έὰν
1373 2952 1438 3034 ἄρα

216 3063 250 3117 25
269 3058 313 3142 μὴ
345 3059 547 3133 κατασκευὰς
580 3059 690 3142 ἐτέρας
723 3059 792 3144 ἔχη·
827 3057 906 3123 ὅταν
937 3057 999 3141 γάρ
1032 3058 1069 3121 τὸ
1097 3054 1297 3143 ἐπιχείρημα
1323 3056 1437 3140 δέηται

270 3160 396 3235 ἔξωθεν
422 3164 621 3247 κατασκευῆς
648 3160 708 3225 οδκ
737 3162 1011 3248 ἐνθυμηματικώς
1038 3158 1122 3224 άλλά
1150 3161 1210 3225 σύν
1236 3159 1437 3224 καταστάσει

269 3264 574 3351 παραβεβλημένης,
598 3265 832 3348 ποικιλώτερον
854 3265 910 3328 καὶ
927 3261 960 3327 οἳ
977 3264 1199 3347 σχηματισμοὶ
1215 3267 1363 3341 γίνονται
1377 3262 1438 3327 τοῦ

197 3375 252 3428 460
270 3365 369 3446 λόγου
391 3379 463 3442 ταῖς
486 3371 743 3453 προειρημέναις
765 3371 990 3451 παρενθέσεσι
1013 3364 1067 3430 καὶ
1089 3366 1331 3446 ἐπαναγωγαῖς.
1381 3364 1440 3429 ἐάν

271 3471 308 3534 δέ
330 3467 411 3534 αὐτὸ
434 3471 491 3555 ἐφ’
514 3470 632 3537 ἑαυτοῦ
654 3474 865 3556 προάγωμεν,
888 3470 999 3556 μέλλει
1014 3469 1051 3534 τό
1067 3466 1267 3554 ἐπιχείρημα
1280 3469 1339 3552 την
1354 3490 1438 3552 προ-

338 3612 640 3683 όπαρατεθραμμένον
654 3613 704 3676 Seg
755 3613 770 3662 9
796 3611 1014 3681 περτστέλλεινΡ
1037 3611 1140 3662 correxi
1194 3610 1225 3660 15
1252 3605 1438 3678 περιφορδνΡ

270 3680 345 3731 emF
398 3682 428 3731 17
455 3679 507 3750 μέν
524 3680 571 3732 εδδ
589 3681 646 3732 Wil
698 3681 730 3730 23
757 3679 949 3751 προσάγεσθαι
965 3679 984 3729 Ρ
1003 3695 1040 3730 em
1058 3680 1092 3745 Sp
1144 3678 1176 3729 24
1203 3672 1316 3734 αύτὰςΡ
1335 3679 1439 3728 correxi

271 3749 302 3800 26
328 3745 551 3818 ἔνθυμήματοςΡ
573 3765 611 3799 em
625 3749 681 3801 Wil
713 3751 724 3813 ΙΙ
754 3745 805 3800 σὺν
822 3740 988 3800 καταστάσει
1004 3748 1035 3798 F:
1055 3743 1311 3816 σογκαταστάσειλ)
1364 3747 1394 3796 27
1414 3745 1441 3796 οί

269 3816 516 3885 συσχηματισμοίΡ
534 3817 604 3869 emF
656 3818 690 3868 28
707 3815 909 3886 παραθέσεσιΡ
927 3816 998 3868 emF
1051 3817 1082 3867 29
1099 3816 1206 3885 μένειΡ
1224 3831 1262 3866 em
1275 3815 1324 3879 Seg

338 3940 422 4006 §246
441 3943 526 4008 Περὶ
552 3937 649 4010 <μὲν>
678 3933 738 3992 οὖν
762 3937 815 3991 κτὲ
833 3940 1040 4006 Ηετροοτεῑίουίε
1063 3940 1093 3988 δε
1116 3937 1273 3988 narrationis
1296 3936 1440 3986 elocutione

271 4019 406 4077 praecepta
422 4011 584 4060 eontinentur
600 4007 789 4073 §5138--142
823 4007 901 4072 §247
920 4008 992 4058 Dion,
1012 4008 1042 4057 do
1060 4009 1087 4057 vi
1108 4008 1174 4058 Dem.
1190 4006 1254 4056 1098
1268 4023 1292 4058 τε
1311 4005 1358 4053 καὶ
1374 4003 1440 4072 παρ’

269 4073 338 4130 αὐτὰ
360 4077 392 4128 τὰ
409 4080 472 4145 γένη
491 4079 545 4129 τῶν
562 4071 789 4145 ἐπιχειρημάτων,
812 4074 845 4126 τὰ
862 4074 1071 4144 συμπληρωτικὰ
1088 4076 1158 4143 μέρη
1176 4065 1329 4143 διαφόρους
1346 4072 1441 4139 ἔχοντα

269 4144 315 4204 τὰς
333 4141 428 4216 φύσεις
445 4143 526 4214 ὁρῶν,
552 4142 772 4202 διαλλαττούσαις
795 4146 845 4208 (sic
868 4145 939 4194 codd.
959 4145 1074 4194 Ambros.
1100 4143 1181 4195 Palat.
1200 4141 1282 4192 Paris.
1302 4138 1346 4192 Gr.
1367 4143 1439 4205 1742,

272 4232 377 4298 quorum
404 4217 540 4266 lectionem
564 4215 689 4266 Usenerns
715 4213 821 4278 benigne
846 4229 942 4264 mecum
967 4213 1175 4270 communicavit)
1198 4211 1373 4267 κατασκευαῖς
1394 4209 1442 4265 τὰς

271 4288 404 4350 αρμονίας
428 4283 555 4356 ἐπειρᾶτο
580 4285 705 4350 κοσμεῖν,
731 4276 814 4338 άλλως
835 4281 887 4352 μὲν
908 4279 957 4336 τὰς
978 4283 1164 4350 γνωμολογίας
1186 4284 1330 4342 συντιθείς,
1356 4275 1442 4334 άλλως

273 4350 354 4472 δὲέτά
373 4349 563 4486 aymam,
586 4344 726 4420 διαφόρως
743 4350 771 4403 δὲ
789 4350 822 4402 τὰ
840 4349 1058 4418 παραδείγματα.
1094 4349 1172 4416 §248
1191 4350 1265 4404 ταῖς
1282 4362 1441 4417 προειρη·

272 4438 295 4488 μ
316 4436 388 4477 ναις
488 4459 494 4470 .

327 4504 421 4547 Cornuti
434 4506 535 4560 Ερίῖοτυε
792 4493 794 4497 ’
1228 4505 1245 4558 4
