3590 5262
831 380 1054 445 ..Ιν-

360 559 533 642 posterioris
560 559 687 621 litteram
714 580 734 635 γ
757 559 879 621 alterum
903 579 923 636 γ
952 559 1083 622 additum
1107 566 1161 619 est.
1205 556 1277 619 alios
1299 575 1414 618 errores
1436 555 1531 636 prima

360 683 465 726 manus
485 663 547 743 ipsa
563 660 738 735 emendavit,
762 669 796 723 ut
809 681 838 742 p.
857 661 933 732 101,
949 662 1036 724 verbe
1052 657 1236 738 enarratae
1252 661 1376 723 alterum
1392 658 1412 723 λ
1428 678 1531 742 super-

359 767 458 849 posuit
480 774 510 828 et
531 785 559 846 p.
577 765 643 837 6ιε,
674 763 725 826 ubi
752 773 820 846 post
847 760 982 829 πάντων
1004 766 1100 848 primo
1123 765 1344 847 συγκειμένων
1366 764 1532 845 scripserat,

360 869 567 951 compendium
601 869 725 951 syllabae
755 887 801 929 ων
828 875 858 929 et
886 878 1038 931 accentum
1073 869 1178 930 lineola
1211 888 1264 949 per
1296 888 1330 930 ea
1363 869 1532 931 transducta

360 973 465 1035 delevit
498 982 527 1034 et
560 972 769 1054 compendium
804 971 929 1052 syllabae
962 993 1000 1035 σν
1029 990 1097 1035 oum
1133 991 1185 1034 suo
1214 981 1338 1034 accentu
1369 971 1532 1034 substituit.

360 1133 388 1194 p.
405 1114 484 1182 441,
507 1073 771 1194 ἀάἀεστραμμένη
793 1109 920 1191 legitur²
943 1129 1039 1190 neque
1063 1110 1170 1191 syllaba
1192 1105 1252 1174 ἀντ
1274 1111 1331 1172 ullo
1351 1111 1435 1190 signo
1450 1108 1533 1171 irrita

359 1220 434 1278 lacta
468 1211 521 1277 est.
567 1214 664 1294 itaque
698 1215 877 1288 dubitamus,
911 1233 948 1276 an
981 1214 1012 1276 in
1046 1215 1203 1296 exemplari
1237 1214 1344 1276 codicis
1375 1214 1441 1275 Par.
1474 1213 1531 1274 iam

359 1319 546 1400 participium
586 1313 839 1402 ἀπεστραμμένη
878 1317 910 1379 in
951 1312 1214 1402 ἀντεστραμμένη
1252 1315 1443 1399 corruptum²
1482 1316 1533 1378 sed

360 1421 486 1504 genuina
513 1421 619 1504 syllaba
645 1442 697 1484 απ
725 1421 923 1503 superscripta
951 1422 1117 1502 syllabaque
1144 1416 1204 1485 ἀντ
1229 1421 1345 1503 punctis
1372 1419 1533 1500 suppositis

360 1527 486 1590 extincta
517 1526 565 1599 sit,
598 1534 661 1587 tum
693 1545 708 1588 a
737 1525 833 1588 scriba
858 1524 966 1587 codicis
989 1525 1065 1599 Par,
1092 1525 1142 1604 qui
1165 1525 1213 1586 iha
1235 1533 1342 1605 puncta
1365 1521 1533 1604 neglexerit,

362 1639 486 1710 utraque
508 1628 594 1691 lectio
617 1641 732 1710 recepta
756 1631 803 1692 sit.

446 1733 600 1794 Nonnullis
629 1735 816 1808 mendorum,
845 1731 952 1813 quibus
976 1730 999 1792 P
1023 1731 1077 1807 (=
1091 1733 1183 1794 codex
1205 1731 1271 1793 Par.
1289 1730 1382 1808 1874)
1412 1731 1532 1805 laborat,

360 1835 455 1898 editor
477 1835 592 1916 primus
614 1835 671 1897 iam
695 1839 838 1900 medelam
862 1835 1005 1910 adhibuit,
1029 1834 1179 1896 sedidem
1203 1854 1289 1916 saepe
1310 1835 1422 1915 integra
1445 1834 1533 1897 verba

359 1939 390 2001 in
417 1938 502 2021 peius
530 1939 662 2001 mutavit.
708 1940 880 2021 Spengehus
903 1950 1001 2001 autem
1025 1938 1147 2000 ethaeo
1169 1956 1243 2000 nova
1266 1938 1335 2000 vitia
1356 1938 1484 2000 removit
1505 1946 1535 1999 et

360 2044 395 2103 dc
417 2061 471 2105 suo
493 2043 603 2121 largam
626 2044 739 2125 copiam
762 2044 1002 2106 emendationum
1019 2041 1156 2123 prodidit.
1200 2040 1295 2103 rarius
1311 2041 1342 2103 C.
1359 2041 1390 2102 L.
1407 2041 1533 2122 Kaysero

359 2145 490 2225 contigit,
522 2153 555 2207 ut
577 2147 666 2221 locos,
695 2167 769 2227 quos
792 2146 956 2217 tractavit⁸,
980 2154 1104 2217 sanaret,
1132 2162 1202 2206 nam
1225 2144 1255 2206 in
1278 2164 1385 2226 magno
1407 2164 1532 2208 numero

360 2249 596 2312 coniecturarum
624 2251 779 2332 pleraeque
808 2258 859 2310 aut
886 2250 975 2311 falsae
1002 2257 1053 2310 aut
1080 2248 1181 2310 inanes
1211 2258 1291 2311 sunt.
1336 2248 1445 2330 optime
1468 2248 1532 2310 sine

360 2353 449 2415 dubio
482 2355 518 2414 de
550 2351 648 2414 libello
681 2351 804 2414 meritus
837 2362 883 2413 est
915 2351 1144 2431 christophorus
1178 2351 1364 2414 Eberhardus
1391 2352 1502 2413 Finchh
1510 2352 1532 2425 ⁴,

360 2457 411 2535 qui
441 2456 507 2537 plus
542 2455 689 2534 sexaginta
717 2455 789 2517 locis
814 2456 910 2516 lucem
937 2454 1043 2516 adtulit
1071 2455 1159 2516 modo
1188 2455 1338 2536 ingeniosa
1365 2455 1532 2517 coniectura

361 2558 448 2620 mode
482 2559 658 2638 comparatis
691 2558 754 2620 aliis
782 2559 898 2639 scriptis
924 2557 1090 2631 rhetoricis,
1121 2557 1152 2619 in
1180 2558 1286 2638 quibus
1317 2559 1418 2621 eadem
1445 2568 1532 2638 atque

360 2663 391 2722 in
412 2661 509 2723 libello
532 2661 617 2723 nobis
640 2661 753 2723 edendo
775 2662 941 2724 traduntur.
985 2671 1073 2742 atque
1093 2661 1148 2723 bac
1162 2662 1349 2743 potissimum
1365 2663 1419 2737 via,
1443 2681 1530 2742 quam

360 2763 406 2824 vir
432 2765 609 2827 Graecarum
638 2764 674 2826 de
702 2765 848 2828 rhetorica
876 2765 1042 2828 litterarum
1070 2783 1138 2827 sane
1165 2764 1379 2827 scientissimus
1408 2765 1531 2846 aperuit,

361 2866 446 2927 nobis
479 2867 674 2929 incedendum
709 2887 774 2930 esse
806 2867 1012 2942 intelleximus,
1047 2877 1080 2931 ut
1114 2887 1173 2929 non
1207 2869 1303 2930 solum
1336 2868 1424 2929 verba
1456 2866 1531 2929 inP

361 2970 583 3050 corruptissima
606 2971 830 3034 emendaremus
853 2972 905 3034 sed
928 2973 1016 3035 etiam
1038 2972 1096 3034 fata
1116 2971 1205 3034 libehi
1221 2991 1314 3053 usque
1329 2972 1366 3033 ad
1381 2979 1531 3033 auctorem

362 3073 458 3135 adhuc
484 3074 666 3154 incognitum
695 3093 949 3155 persequeremur.
994 3075 1045 3138 ubi
1067 3075 1197 3157 primum
1219 3073 1251 3136 in
1273 3076 1361 3148 locos,
1389 3075 1530 3154 quicum

361 3176 458 3238 libello
481 3177 681 3251 consentiunt,
705 3178 871 3258 dffigentius
891 3178 1107 3259 inquisivimus,
1129 3180 1214 3241 nobis
1229 3179 1367 3241 miseram
1384 3179 1531 3260 epitomen

429 3376 439 3408 ¹
458 3378 596 3440 Segnerius
615 3375 838 3451 ἀναεετραμμένη
856 3379 964 3445 scripsit
981 3395 1061 3446 neque
1080 3381 1210 3446 quicquam
1228 3379 1370 3431 adnotavit.

368 3506 375 3526 ³
430 3443 624 3513 2Partieipium
638 3442 864 3516 ἀντεστραμμένη
883 3447 974 3498 falsum
987 3464 1043 3499 esse
1055 3456 1133 3515 putet.
1170 3463 1248 3513 neque
1261 3449 1326 3500 enim
1338 3449 1447 3499 medium
1460 3449 1533 3500 verbi

361 3513 549 3594 αντιστρέφειν
567 3531 622 3566 cum
641 3517 794 3596 accusativo
805 3517 843 3566 rei
857 3517 975 3597 coniungi
987 3517 1064 3598 solet,
1083 3519 1126 3569 sed
1139 3517 1247 3598 medinm
1261 3516 1333 3567 verbi
1345 3511 1534 3598 ἀναστρέφειν

359 3582 1535 3718 hatathilt'abttlttllttlallll‘:tlhllt,·³tltl⁸tlttttlt

359 3713 443 3784 λόγον
465 3720 562 3783 dicunt,
584 3727 613 3770 nt
635 3719 792 3788 Chrysippus
815 3723 879 3788 apud
904 3721 1027 3773 Galenunr
1048 3670 1086 3772 Βά
1107 3723 1176 3773 Ρίσα.
1194 3671 1486 3803 ΗηνμυαναίίερεάΡὶαέ.
1499 3720 1533 3773 lV

360 3787 564 3906 3ξ9ἒαεοείᾱῶ1α.
583 3788 672 3840 Muell.
691 3784 795 3856 ἄλογον
806 3826 813 3840 .
826 3826 854 3841 ..
876 3784 1109 3859 ἀπεστραμμένον
1129 3786 1176 3842 τὸν
1197 3793 1282 3883 loyor
1303 3798 1330 3842 et
1347 3789 1460 3842 Galenus
1478 3791 1533 3856 ipse

359 3871 368 3904 ¹
388 3893 394 3906 ⁸
428 3922 439 3956 ³
456 3873 599 3975 bellonas
617 3926 778 3978 coniecturas
797 3928 979 3979 commentario
999 3927 1130 3978 Cornificii
1148 3942 1163 3977 a
1180 3943 1208 3978 se
1221 3942 1243 3977 a.
1260 3927 1399 3979 185411σίιί
1413 3927 1533 3992 inseruit,

360 3993 447 4058 plures
465 3994 584 4057 protulit,
603 4010 657 4044 cum
676 3994 732 4114 Spol
750 4003 900 4046 recenseret
911 3995 1056 4063 daurons.
1071 3996 1136 4046 Phil.
1149 3995 1223 4046 LXX
1239 3996 1304 4047 1854
1319 4012 1342 4062 p.
1356 3997 1405 4047 295
1425 4003 1451 4047 et
1468 4012 1532 4047 anuo

360 4061 508 4126 insequente
524 4060 677 4114 Mdncbcner

359 4127 456 4180 tatione
475 4131 597 4181 indicium
614 4132 684 4182 tulit.

429 4197 440 4230 ⁴
457 4196 555 4249 Paucos
573 4199 646 4250 locos
662 4200 705 4250 bie
723 4202 777 4268 ipse
796 4218 893 4268 quoque
906 4201 962 4268 Spl
980 4217 1116 4253 recensens
1128 4200 1231 4252 Jahrbh.
1242 4203 1270 4268 s.
1283 4200 1349 4252 Pru.
1363 4200 1449 4252 LXIX
1469 4201 1533 4252 1853

360 4281 383 4331 p.
396 4266 446 4316 545
469 4267 567 4333 tetigit,
594 4269 733 4334 permultos
760 4270 785 4319 in
812 4277 995 4336 programmate
1023 4271 1156 4337 Gymnaaii
1181 4270 1296 4320 Carolini
1324 4270 1533 4321 llcilbronnensis

363 4335 436 4397 1854,
454 4336 496 4385 cui
514 4337 663 4388 dissertatio
682 4339 751 4389 inest
768 4338 807 4388 ue
824 4341 917 4390 cireerte'
934 4341 1047 4390 auctoris
1063 4341 1131 4389 artie
1148 4339 1289 4390 rhetoricae
1305 4344 1364 4406 post
1380 4337 1532 4405 Seguerium

359 4419 376 4453 α
395 4400 526 4455 Leonardo
544 4403 679 4473 Spengelio
696 4406 779 4458 editae
797 4407 859 4460 loeis
877 4407 971 4474 aliquot
988 4405 1162 4459 mandandis.

725 4063 803 4116 ledrte
815 4066 880 4114 Anz.
893 4063 951 4115 XLl
966 4066 1030 4116 1855
1044 4081 1067 4131 p.
1082 4065 1172 4126 1-13,
1190 4065 1234 4115 nbi
1253 4065 1283 4114 de
1301 4064 1419 4115 Fiuckhii
1437 4066 1533 4116 disser-
