3586 5260
825 371 866 435 39
915 409 955 418 -

262 541 290 635 ᾗ.
337 546 408 607 194.
433 543 596 629 (τῶνδὲ)
626 547 817 631 κεφαλαίων
843 547 884 610 τὰ
912 548 972 631 μὲν
1001 545 1103 625 ἀπλά,
1135 545 1196 634 <ἀ>
1221 551 1308 612 καθ’
1333 547 1434 613 ἑαυτὰ

260 645 281 725 η“
304 647 592 733 κατασκευάσομεν
614 647 634 734 ή
656 647 936 736 ἀνασκευάσομεν,
959 652 1000 716 coi
1022 652 1059 716 δὲ
1082 651 1200 728 διπλά,
1225 650 1268 726 ἀς
1290 651 1349 715 ἐπὶ
1371 655 1435 718 τῶν

262 747 533 836 ἀντεγκλημάτων
554 752 609 816 καὶ
632 753 698 816 τῶν
719 749 1012 840 ἀμφισβητήσεων,
1043 755 1077 818 ἓν
1100 753 1150 829 οίς
1172 757 1435 840 παρεκτενοδμεν

260 853 318 920 τδν
350 851 449 934 λόγον
481 855 522 918 coi
555 855 615 939 μὲν
648 853 788 940 ἡμέτερα
821 856 987 934 αὔξοντες,
1021 857 1063 921 τά
1097 855 1133 922 dd
1164 860 1229 923 τῶν
1256 856 1434 925 ἀντιδίκων

226 969 243 1024 5
261 959 438 1042 μειοῦντες.
483 957 537 1022 διδ
562 960 618 1021 καὶ
640 959 697 1023 τὸν
721 958 886 1025 Πλάτωνά
900 984 985 1036 τινες
1000 964 1201 1044 μέμφονται,
1223 956 1274 1024 ὅτι
1291 961 1434 1028 διπλοῦν

265 1059 400 1145 ζήτημα,
424 1062 461 1125 τὸ
486 1061 563 1143 περὶ
586 1065 644 1125 τοῦ
666 1062 797 1147 ἔρωτος,
821 1061 1126 1149 μεταχειριζόμενος
1155 1065 1200 1146 (in
1224 1066 1372 1148 Phaedro)
1396 1065 1434 1131 τὸ

262 1168 371 1249 ἕτερον
393 1161 630 1247 ἀνεξέργαστον
652 1163 888 1231 ἀπολέλοιπεν.

348 1268 417 1330 196.
455 1267 522 1352 Τήν
551 1268 588 1332 δὲ
615 1270 679 1333 τῶν
708 1273 854 1334 πίστεων
887 1268 1061 1353 ἑρμηνείαν
1095 1267 1170 1334 οὔτε
1203 1266 1310 1354 ἀφελή
1345 1274 1432 1337 εἶναι

302 1369 355 1434 δεῖ
378 1368 535 1452 καθάπερ
557 1371 592 1435 ἐν
614 1374 653 1461 τῇ
676 1369 840 1457 διηγήσει,
872 1370 946 1437 οὔτε
974 1365 1214 1458 ἀνηπλωμένην
1238 1372 1308 1458 [καὶ
1330 1391 1431 1460 σπερ-

208 1485 241 1537 10
301 1474 445 1556 ματικῶς
479 1473 618 1556 ἔχουσαν
648 1474 690 1537 τὰ
724 1475 929 1560 πρόγματα],
962 1473 1122 1540 ἀλλὰκαὶ
1147 1474 1432 1563 συνεστραμμένην

301 1577 356 1638 καὶ
396 1574 468 1641 οίον
506 1579 615 1642 είπεῖν
652 1579 824 1663 κωνοειδῆ,
862 1580 917 1642 καὶ
954 1579 991 1642 nd
1029 1576 1167 1643 σόνολον
1201 1576 1431 1665 ἀγωνιστικήν.

303 1681 373 1742 197.
398 1677 606 1764 ἁρμόζεσθαι
629 1679 667 1744 δὲ
689 1680 743 1745 δεῖ
760 1681 853 1766 (καὶ)
872 1682 910 1772 τῇ
925 1677 1099 1766 ὑποκρίσει
1122 1683 1179 1747 τὸν
1194 1683 1331 1762 λέγοντα
1347 1684 1431 1768 πρός

302 1781 339 1848 τὸ
364 1786 473 1868 σχῆμα
495 1785 552 1848 τοῦ
575 1781 682 1862 λόγον.

348 1887 501 1949 Τοσαῦτα
516 1889 572 1950 καὶ
589 1888 665 1971 περὶ
689 1890 845 1951 πίστεων.
893 1886 1029 1972 (ἐφεξῆς
1043 1891 1155 1954 τοίνυν
1170 1890 1249 1972 περὶ
1265 1887 1432 1969 ἐπιλόγων

209 2001 240 2056 15
259 1986 341 2073 ἡμῖν
362 1988 558 2075 εἰρήσεται.)

187 2108 240 2165 453
347 2094 416 2157 198.
443 2089 616 2171 Ἐπίλογός
638 2091 740 2168 ἐστιν,
765 2089 808 2166 ως
830 2092 890 2176 μὲν
906 2093 1062 2178 Νεοκλῆς,
1086 2090 1184 2172 λόγος
1199 2093 1257 2158 ἐπὶ
1273 2117 1429 2179 προειρη-

257 2199 371 2279 μέναις
400 2192 615 2268 ἀποδείξεσιν
645 2194 895 2280 ἐπιλεγόμενος,
926 2189 1131 2280 πραγμάτων
1158 2193 1352 2282 ἀθροισμὸν
1374 2199 1430 2261 καὶ

325 2337 341 2402 5
362 2337 409 2388 198
427 2337 470 2387 All
489 2337 572 2388 Nicol.
591 2337 625 2404 Sp
638 2336 670 2388 Ill
687 2337 737 2388 450
750 2352 775 2390 ei
811 2336 845 2405 ἐξ
866 2338 921 2404 198,
941 2336 1047 2389 200111
1063 2337 1179 2389 Marcell.
1194 2337 1227 2390 W
1242 2337 1431 2393 lvmine-so

325 2507 337 2556 1
357 2496 382 2574 ή.
404 2502 471 2570 <τῶν
488 2503 530 2571 δὲ)
549 2506 707 2572 κεφαλαίων
724 2499 756 2554 τδι
770 2501 837 2572 WilJ:
856 2498 874 2574 ᾗ
891 2497 1049 2572 κεφάλαιον.
1073 2501 1138 2554 τὰΡ
1191 2503 1206 2553 3
1226 2505 1431 2570 παρεκτείνουσι

254 2571 336 2641 μὲνΡ
353 2577 568 2692 παρεκτείνομεν
585 2575 628 2624 rel
647 2575 865 2641 παρεκτενοῦμεν
876 2573 909 2638 Sp
962 2574 978 2622 4
996 2575 1051 2628 τοῖς
1067 2570 1119 2639 μὲν
1135 2567 1307 2651 ήμετέροιςΡ
1324 2569 1363 2636 πή
1379 2571 1432 2638 μὲν

255 2638 373 2710 ήμέτερα
408 2658 448 2706 eg,
471 2639 579 2709 τάἱμὲν
595 2638 710 2712 ήμέτερα
727 2641 761 2708 Sp
814 2634 1054 2712 6χαριζόμενοςΡ
1070 2639 1322 2712 χωριζομενοςὸες,
1349 2656 1431 2708 μετα-

255 2705 472 2794 γειριζόμενοςίὶ
526 2712 557 2761 14
584 2718 642 2778 post
667 2714 786 2762 πίστεων
811 2718 917 2792 quartus
945 2709 1021 2759 index
1048 2710 1146 2790 capitis!
1163 2710 1226 2760 inP
1250 2716 1321 2790 estat
1344 2711 1433 2761 ΠΕΡΙ

265 2779 462 2832 ΕΠΙΛΟΓΩΝ
512 2780 542 2830 16
561 2780 773 2848 προειρημέναις
790 2783 849 2835 ταῖς
866 2776 1041 2837 αποδείξεσιν
1057 2777 1229 2846 ἐπαγομενος
1245 2777 1330 2829 Nicol.

325 2945 409 3011 §194
426 2943 459 2997 τὸ
478 2943 590 3018 ἕτερον
610 2945 726 2997 Platonis
744 2946 934 3012 vituperatores
957 2946 987 2995 ad
1012 2945 1036 2994 id
1061 2951 1190 3010 spectasse
1212 2952 1337 3010 putamus,
1364 2944 1429 3010 qnod

258 3014 378 3066 Socrates
400 3015 427 3066 in
449 3017 533 3067 altera
556 3016 671 3066 oratione
695 3031 717 3082 pr
731 3014 807 3064 24311
830 3013 1061 3077 argumentationes
1084 3011 1178 3080 Lysiae
1201 3021 1229 3063 ct
1250 3028 1310 3062 sune
1334 3013 1429 3079 prioris

259 3083 384 3133 orationis
404 3099 451 3133 non
469 3083 600 3136 refutavit.
638 3098 783 3150 quemqnam
801 3083 824 3133 si
841 3084 898 3148 quis
915 3084 979 3132 hunc
991 3082 1102 3149 priorem
1115 3082 1256 3132 orationem
1268 3081 1347 3146 ipsam
1361 3081 1430 3131 vitn-

257 3159 370 3216 peratam
388 3166 445 3202 esse
464 3154 604 3213 existimet,
622 3153 653 3202 de
670 3168 718 3217 qun
730 3150 860 3202 Phaedrus
878 3151 941 3200 dicit
953 3167 975 3217 p.
990 3151 1065 3201 2411)
1082 3153 1170 3199 καίτοι
1188 3143 1265 3216 ᾤμην
1281 3165 1312 3216 γε
1328 3149 1430 3215 μεσοῦν

257 3209 348 3284 αὐτόν,
375 3222 421 3270 καλ
446 3219 516 3286 ίρεῖν
542 3217 576 3270 τὰ
599 3222 645 3270 ἴσα
667 3221 733 3286 περὶ
755 3218 802 3271 τοῦ
825 3219 863 3288 μὴ
886 3217 1008 3286 δρῶντος,
1034 3214 1069 3275 ὠς
1089 3216 1131 3269 δεῖ
1152 3217 1245 3283 ἐκείνῳ
1262 3218 1430 3284 χαρίζεσθαι

255 3286 367 3355 μᾶλλον,
385 3289 491 3356 λέγονθ’
504 3283 556 3340 ὅσα
569 3280 603 3338 αὖ
615 3287 670 3356 ἔχει
681 3279 785 3355 ἀγαθοί,
802 3289 827 3338 oi
841 3303 889 3337 non
903 3287 1069 3351 refragemur.
1098 3284 1131 3351 ἕξ
1147 3289 1201 3348 196,
1218 3288 1265 3338 197
1278 3287 1429 3337 Alexandri.

257 3355 273 3422 ξ
288 3357 334 3408 196
348 3359 432 3420 [καὶ.
446 3394 453 3408 .
466 3394 473 3408 .
486 3353 683 3427 πράγματα]
702 3355 764 3422 §36
777 3357 932 3423 prooemium
945 3357 1135 3425 σπερματικώς
1147 3354 1219 3420 ἔχειν
1230 3352 1263 3404 τὰ
1279 3347 1430 3426 πράγματα

256 3426 371 3477 uebctur.
407 3427 518 3477 elocutio
536 3442 578 3477 res
597 3426 668 3492 qnasi
686 3426 815 3493 inspersos
832 3427 926 3474 hebere
945 3425 997 3475 dici
1009 3442 1056 3474 non
1070 3432 1179 3506 poterut.
1214 3431 1298 3474 tamen
1311 3430 1338 3473 et
1350 3423 1366 3488 ξ
1380 3423 1428 3474 196

256 3501 284 3544 et
300 3494 378 3558 §240
396 3495 564 3545 stultissimus
582 3497 654 3544 homo
673 3495 745 3552 λέξιν
763 3495 953 3564 σπερματικῶς
970 3491 1001 3544 τδι
1021 3510 1169 3565 πραγματα
1186 3490 1305 3559 ἔχουσαν
1317 3492 1426 3542 invenit.

256 3563 391 3628 utrobique
405 3563 542 3614 Alexandri
555 3570 689 3628 praecepta
702 3563 731 3613 ab
745 3564 781 3612 liis
795 3562 975 3612 additamentis
989 3563 1115 3629 purgando
1129 3569 1195 3610 suot.
1213 3569 1327 3611 ceterum
1340 3558 1373 3625 ἓξ
1387 3560 1427 3619 36,

256 3631 306 3681 240
332 3632 436 3682 collatis
463 3632 574 3699 suspicio
602 3631 673 3681 nobis
700 3632 794 3682 incidit
816 3629 1121 3696 interpolatorem§196
1145 3629 1280 3695 participio
1304 3624 1429 3693 ἀνηπλω-

253 3702 340 3767 μένην
361 3702 485 3766 prooemii
505 3701 674 3750 elocutionem
692 3699 832 3764 significari
850 3700 989 3764 putavisse.
1025 3707 1053 3749 at
1070 3692 1267 3764 ἀνηπλωμένην
1284 3697 1301 3746 i.
1321 3712 1342 3745 e.
1363 3697 1428 3746 dila-

254 3776 332 3820 tntam
345 3772 443 3835 pariter
456 3777 530 3835 atque
542 3762 629 3836 ἀφελῆ
642 3769 799 3819 narrationis
812 3768 967 3817 elocutionis
980 3768 1109 3834 epitheton
1121 3781 1177 3816 esse
1187 3767 1276 3832 liquet.
1296 3763 1327 3814 cl.
1340 3765 1427 3831 Apsin.

255 3838 289 3904 Sp
301 3835 310 3886 l
329 3837 379 3888 348
391 3854 417 3891 ιο
430 3834 459 3887 τὸ
472 3830 622 3905 κεφάλαιον
632 3833 663 3887 τὸ
675 3837 785 3906 πρῶτον
795 3834 993 3892 καταστατιιιῶς
1005 3827 1144 3902 εἰσάγεται
1155 3837 1294 3885 τουτέστιν
1304 3828 1429 3896 ἀνηπλω-

253 3908 343 3974 μένως
354 3907 399 3956 καλ
411 3903 627 3975 ἀφηγηματικῶς.
659 3906 691 3954 ib.
704 3905 754 3955 353
767 3921 792 3958 14
805 3900 819 3954 ὁ
831 3902 883 3971 μὲν
894 3908 1004 3958 Λυσίας
1015 3900 1082 3954 κατὰ
1096 3897 1218 3972 ὄρθωσιν
1230 3899 1429 3968 ἀνηπλωμίνως

253 3972 300 4032 τὰς
312 3969 467 4042 διηγήσεις.
478 4011 484 4024 .
495 3967 606 4040 εῖσόγει.
626 3987 814 4043 συνεστραμ
818 3974 861 4040 μέ
864 3989 922 4038 νην
933 3972 1099 4023 Pseudodion.
1110 3973 1182 4022 Rhet.
1190 3971 1258 4023 2671
1271 3967 1427 4038 ἀπαγγελία

254 4081 280 4095 ..
307 4042 337 4094 ἐν
361 4041 414 4110 μὲν
436 4046 493 4100 τοῖς
518 4035 704 4109 ἀγωνιστικοῖς
730 4041 960 4111 συνεστραμμένη.
995 4040 1158 4102 κωνοειδῆ
1182 4041 1428 4090 elocutionem-nns-

255 4128 326 4180 qunm
352 4114 445 4162 dictam
466 4111 563 4174 inveni,
591 4112 641 4161 nisi
666 4109 734 4162 forte
757 4113 804 4160 luno
828 4111 979 4160 vocabulum
1001 4110 1185 4160 restituendum
1215 4117 1255 4158 est
1277 4111 1301 4158 in
1324 4108 1427 4172 Sopatri

254 4180 385 4231 Diner.W
401 4179 456 4231 Vll]
475 4181 527 4232 line
554 4181 600 4230 καὶ
628 4179 740 4236 πολλοῖς
765 4173 854 4235 ἀλλοις
879 4175 980 4250 δυνήση
1003 4171 1141 4246 νοήμασιν
1162 4178 1212 4240 τὴν
1234 4177 1288 4228 τῶν
1309 4174 1428 4257 ἰλίγγων

253 4247 380 4301 ἐκτείνειν
406 4247 570 4311 ἀπαίτησιν,
596 4249 643 4299 καὶ
667 4237 855 4314 ἐνθυμήμασι,
880 4248 928 4296 καὶ
951 4239 1157 4315 ἐπιχειρήμασι,
1185 4242 1216 4294 τὰ
1241 4243 1292 4313 μὲν
1319 4244 1427 4312 φραζων

254 4315 627 4379 κωλοειδτιῖς(1.κωνοειδιι3ς),
645 4315 676 4367 τά
695 4313 723 4367 δὲ
741 4315 872 4384 ἐφαπλιδν
890 4313 932 4375 (ci.
945 4311 1160 4386 ἀνηπλωμίνην),
1178 4309 1212 4371 ὥς
1228 4308 1426 4387 ἐπιχειρήματα

254 4385 312 4445 (hoc
331 4385 480 4449 delendum),
502 4381 534 4437 τὰ
552 4383 580 4436 δὲ
597 4385 739 4457 γνωμικῶς
756 4386 847 4454 λέγων.
1356 4383 1357 4388 ’
