3586 5260
861 415 1083 478 „34-

382 584 568 665 σχολικοῖς,
593 589 628 654 έν
663 588 713 664 οίς
740 590 815 673 περὶ
848 587 1115 674 ἐπιχειρημάτων
1141 589 1312 673 ἐλέγομεν,
1341 589 1550 672 ἐδιδάξαμεν.

383 687 498 772 ῥητέον
524 691 562 754 δὲ
589 693 645 756 καὶ
673 695 730 758 νῦν
757 695 799 757 τὰ
824 690 1051 777 παρακείμενα
1082 690 1174 783 αὐτῇ.
1219 693 1418 777 παράκειται
1441 696 1557 757 τοίνυν

382 793 422 882 τῇ
443 791 531 882 μάχη
554 795 610 859 καὶ
633 796 675 859 τά
696 796 830 861 ἐναντία
852 797 964 861 καὶτὰ
980 795 1198 879 ἀντικείμενα.
1242 800 1275 860 τί
1290 796 1328 861 δὲ
1343 795 1466 860 τούτων
1481 794 1554 860 ἑκά-

383 919 477 979 τερον
500 897 667 984 διαφέρει,
691 899 819 984 ῥητέον·
836 897 1045 983 ἀντικείμενα
1059 901 1122 984 μὲν
1136 896 1195 965 οὖν
1211 899 1314 977 ἐστιν,
1332 893 1377 964 ὧν
1391 900 1428 963 τό
1445 903 1556 983 έτερον

382 1002 441 1064 τοῦ
463 998 574 1083 ἑτέρου
597 999 810 1086 ἀποφατικόν
832 1003 930 1069 ἐστιν.
975 1003 1109 1069 έναντία
1125 1003 1162 1067 δὲ
1184 1000 1248 1067 ὅσα
1271 1000 1349 1087 περὶ
1375 1002 1432 1067 τόν
1454 999 1556 1067 αὐτόν
1574 1009 1591 1062 5

385 1099 492 1167 τόπον
514 1103 721 1190 στρεφόμενα
744 1106 902 1171 πλεῖστον
924 1103 1073 1191 ἀλλήλων
1095 1105 1225 1187 ἀπέχει·
1248 1107 1314 1170 των
1341 1105 1378 1170 δὲ
1400 1104 1558 1170 ἐναντίων

382 1205 425 1268 τά
446 1209 507 1289 μέν
522 1208 594 1272 έστι
610 1209 796 1293 στερητικά,
811 1209 853 1272 τὰ
867 1209 905 1273 δὲ
921 1207 959 1274 oei
975 1210 1157 1296 ausoniensi.
1202 1209 1377 1294 στερητικαὶ
1393 1213 1466 1289 μέν,
1483 1207 1556 1274 οίον
1602 1241 1604 1246 ·

383 1311 478 1392 τέχνη
502 1308 649 1392 ἀτεχνία,
673 1309 712 1376 oei
728 1314 899 1397 στερητικαὶ
914 1313 964 1390 δέ,
988 1312 1062 1378 οίον
1081 1311 1214 1393 ἀγαθὸν
1230 1312 1339 1377 κακόν.
1386 1314 1453 1377 180.
1477 1310 1496 1396 n‘
1519 1311 1557 1377 δὲ
1575 1320 1628 1373 450

296 1407 304 1424 ”
384 1408 526 1496 δύναμις
555 1412 638 1478 ἀκτώ
667 1416 833 1500 διαφοράς
860 1417 926 1497 ἔχει
955 1415 1150 1492 ἀκολούθως
1180 1421 1218 1505 τῇ
1247 1419 1306 1481 τοῦ
1333 1418 1557 1499 συμφέροντος

382 1514 563 1599 διαιρέσει·
591 1517 794 1604 λαμβάνεται
821 1520 883 1604 χάρ
910 1521 946 1585 τό
978 1525 1147 1605 συμφέρον
1175 1520 1211 1584 ἐκ
1245 1523 1303 1584 τοῦ
1331 1514 1468 1597 ἀγαθοῦ
1498 1519 1611 1592 καλιλθ

382 1620 442 1682 τοῦ
469 1621 589 1696 κακοῦ,
617 1622 673 1685 καὶ
700 1624 787 1686 καθ’
815 1621 967 1707 ἑκάτερον
996 1626 1172 1708 τετραχῶς·
1201 1623 1236 1686 έκ
1258 1623 1319 1707 μὲν
1340 1625 1398 1688 τοῦ
1421 1619 1555 1701 ἀγαθοῦ

382 1722 507 1806 κτῆσις,
540 1721 689 1810 αὔξησις,
720 1722 866 1812 τήρησις,
900 1725 1026 1811 ὄνησις,
1060 1727 1097 1790 ἐκ
1123 1727 1162 1791 δέ
1188 1729 1247 1791 τοῦ
1269 1728 1371 1791 κακοῦ
1399 1723 1553 1800 ἔκκλισις,

451 1962 534 2014 2νῦν
554 1964 601 2014 καί
617 1962 637 2012 Ρ
655 1979 693 2014 em
711 1965 744 2030 Sp
797 1962 920 2031 5ἑτέρου
938 1965 1045 2029 scripsi:
1062 1957 1177 2032 λόγουΡ
1208 1963 1217 2031 II
1246 1964 1299 2014 τῶν
1321 1959 1410 2015 αὐτῶν
1432 1958 1558 2015 τόπωνΡ

383 2030 468 2097 emSp
521 2032 551 2082 12
569 2033 660 2097 κτῆσις
672 2035 718 2098 Sp:
738 2032 856 2089 κτίσιςΡ
886 2030 895 2098 ΙΙ
925 2024 1035 2102 τήρησις
1052 2034 1160 2099 sampsi:
1177 2031 1296 2105 κρίσιςΡ

450 2236 669 2307 ἀντικείμενα
686 2241 746 2311 μὲν
763 2241 817 2294 κτὲ
836 2243 906 2294 Sext.
919 2243 990 2309 Emp.
1002 2245 1060 2295 miv.
1073 2245 1150 2295 math.
1163 2242 1219 2294 VIII
1231 2243 1263 2294 89
1283 2244 1353 2312 φασὶ
1370 2243 1474 2306 (Stoici)
1491 2238 1527 2310 χά
1551 2253 1557 2266 ·

382 2304 554 2379 ἀνακείμενά
576 2311 658 2376 ἐστιν,
686 2299 725 2363 ἀν
746 2310 776 2363 τὸ
801 2308 892 2377 ἕτερον
914 2310 962 2362 τοῦ
984 2311 1075 2376 ἑτέρου
1093 2307 1235 2381 ἀποφάσει
1252 2308 1398 2372 πλεονάζει.
1437 2311 1508 2375 Diog.
1527 2260 1557 2363 I.

381 2378 470 2430 viiie
492 2380 547 2431 τῶν
571 2373 751 2449 ἀξιωμάτων.
766 2419 771 2430 .
784 2417 791 2430 .
805 2377 988 2450 ἱἀντικείμενα
1014 2377 1136 2444 ἀλλήλοις
1162 2380 1244 2444 ἐστίν,
1270 2369 1309 2433 ὧν
1334 2378 1363 2431 τὸ
1390 2377 1482 2450 ἕτερον
1508 2380 1558 2432 τοῦ

382 2445 476 2516 ἑτέρου
494 2446 566 2498 ἐστίν
584 2445 766 2516 ἀποφατικόν,
785 2451 844 2499 οἱον
861 2447 890 2499 τὸ
909 2446 1011 2518 «ἡμέρα
1029 2446 1102 2498 ἐστὶ»
1120 2451 1165 2500 καὶ
1182 2445 1211 2499 τὸ
1225 2443 1293 2515 «οὐχ
1308 2445 1395 2517 ἡμέρα
1407 2446 1486 2500 ἐστὶ».
1524 2447 1556 2500 af.

384 2515 524 2566 Prunttium
544 2515 629 2568 Gesei.
648 2518 694 2568 ἀει·
710 2515 815 2583 Logitsl
833 2533 854 2582 p.
868 2517 927 2568 449.
947 2518 1000 2568 Cin.
1019 2517 1050 2566 de
1061 2516 1114 2568 Ιοτ.
1128 2517 1139 2567 Ι
1156 2517 1217 2582 §42
1235 2517 1398 2585 disparatum
1414 2523 1500 2567 autem
1518 2521 1557 2568 est

382 2582 416 2646 id,
428 2583 496 2649 ηυοά
507 2585 538 2633 ob
550 2585 638 2651 atiquo
650 2602 679 2637 re
687 2589 876 2653 praepositione
886 2589 1031 2653 negationis
1043 2590 1187 2653 separatur,
1205 2588 1251 2636 ίιαυ
1261 2587 1353 2637 modo:
1375 2601 1462 2652 sapere
1473 2590 1498 2636 et
1508 2601 1557 2636 non

382 2666 477 2718 sapere.
513 2652 609 2706 ἐναντ
618 2657 652 2704 ta
665 2653 719 2705 κτὲ
731 2655 878 2705 Aristscit.
889 2671 910 2719 p.
925 2657 973 2705 ltin
984 2670 1009 2707 ιτ
1021 2652 1055 2704 isi
1068 2654 1122 2722 γὰρ
1132 2655 1261 2706 πλεῖστον
1270 2646 1393 2718 ἀλλήλων
1402 2648 1558 2718 διεστηκότα

382 2719 437 2771 τῶν
454 2720 483 2772 ἓν
501 2722 539 2786 τῷ
556 2717 628 2787 αὐτῷ
646 2724 719 2789 γένει
736 2721 843 2773 έναντία
861 2719 1006 2788 ὁρίζονται.
1045 2723 1097 2772 Cic.
1116 2725 1147 2772 de
1160 2721 1234 2775 Inv.l
1253 2722 1315 2788 §42
1334 2725 1493 2774 eontrarium
1510 2726 1558 2786 esi,

383 2788 449 2854 qaod
470 2793 584 2855 positam
605 2794 634 2841 in
656 2806 750 2856 genere
771 2790 867 2841 diverso
889 2793 921 2841 ab
942 2790 1027 2841 eodem
1048 2793 1078 2851 (l.
1094 2807 1188 2856 gessere
1209 2791 1297 2841 eodem
1319 2794 1351 2841 ab
1374 2791 1491 2855 diuerso),
1517 2794 1561 2842 eui

384 2860 546 2908 contrariam
562 2858 667 2921 dieitur,
683 2859 828 2928 plurimam
846 2859 933 2921 ausas,
951 2864 980 2910 at
991 2862 1088 2926 stiones
1105 2861 1192 2910 catoni.
1228 2861 1280 2910 Cio.
1300 2859 1362 2926 Top.
1376 2859 1391 2924 ἓ
1405 2858 1437 2909 47
1456 2864 1557 2910 eontra·

382 2929 481 2976 riorum
504 2927 562 2987 (hou
588 2929 688 2977 nemine
706 2928 721 2976 i.
742 2928 759 2977 l.
780 2931 862 2978 omniu
881 2944 909 2978 nn
929 2929 1114 2991 significentur,
1137 2944 1200 2994 quse
1218 2929 1286 2979 inter
1306 2944 1333 2978 ιι
1353 2928 1469 2994 oppositu
1488 2931 1557 2990 sunt)

382 2998 470 3045 antem
484 3010 581 3059 genera
598 2996 687 3062 plara:
711 3012 792 3047 anum
810 3011 905 3059 αονιιτπ,
922 3013 985 3062 qaae
1002 3000 1029 3046 in
1046 2996 1133 3046 eodem
1147 3012 1243 3062 genere
1258 2996 1402 3064 plurimam
1420 2995 1557 3059 diffiniant,

382 3067 411 3113 nt
427 3066 558 3129 sapientia,
577 3063 703 3114 stultitia.
718 3102 724 3113 .
739 3103 744 3114 .
759 3102 765 3114 .
785 3066 845 3114 teneo
856 3082 919 3129 ηυαε
929 3082 963 3115 en
974 3063 1062 3115 eodem
1072 3081 1166 3130 genere
1177 3067 1308 3116 contraria
1319 3069 1387 3125 sant,
1403 3063 1559 3131 appellantur

383 3130 489 3182 aduersa
507 3133 551 3190 (=
568 3129 599 3183 οὐ
619 3130 760 3199 στερητικά
778 3149 840 3199 quae
858 3132 968 3183 Neocles
987 3135 1068 3195 dicit).
1104 3137 1163 3183 satit
1179 3136 1248 3184 onim
1265 3132 1317 3184 alia
1334 3136 1471 3194 meeiram'a,
1494 3147 1559 3198 ηκοε

380 3202 511 3265 privantia
538 3201 595 3251 tinet
621 3201 771 3267 appellemus
799 3200 897 3266 Latine,
926 3200 1016 3252 Graeci
1040 3202 1167 3269 appeliant
1194 3197 1347 3268 στερητικά,·
1372 3203 1559 3269 praepositione

383 3271 450 3318 enim
466 3271 521 3318 <in>
537 3271 657 3336 privatas·
673 3272 776 3320 veriam
794 3285 824 3320 ea
838 3273 872 3332 oi,
890 3286 966 3335 ηαστε
978 3271 1086 3334 liaberet,
1104 3273 1129 3320 si
1139 3274 1194 3321 ein>
1204 3275 1378 3337 praepositam
1389 3285 1438 3319 non
1448 3270 1558 3334 fnisset,

384 3335 510 3401 dignitas,
527 3337 680 3403 indignitas.
715 3338 731 3403 ξ
746 3339 793 3390 180
807 3337 893 3403 Quint.
909 3339 928 3389 V
942 3338 972 3387 10
985 3356 1010 3391 ss
1026 3338 1153 3390 donantur
1168 3342 1248 3406 igitar
1260 3342 1415 3422 arffnmenta
1426 3353 1460 3387 sn
1473 3340 1559 3388 nausis

384 3405 514 3459 foetorum
531 3407 570 3456 υεί
578 3409 750 3473 futororum:
773 3422 879 3472 quaram
898 3410 1043 3468 materiam,
1066 3422 1141 3471 qaam
1160 3406 1263 3472 qnidam
1286 3403 1352 3472 άλην
1374 3407 1421 3457 atii
1441 3400 1559 3473 δύναμιν

383 3475 584 3538 nominatissimi,
611 3478 637 3524 in
660 3474 710 3525 doo
729 3490 827 3540 genera
853 3475 898 3524 sed
917 3479 1055 3541 quaternas
1076 3478 1209 3541 utriusque
1228 3476 1344 3527 dividant
1360 3478 1461 3542 speeies.
1498 3491 1559 3525 nam

377 3541 441 3605 fere
458 3547 576 3593 versatas·
594 3546 662 3594 ratio
676 3543 798 3608 faciendi
814 3547 883 3593 cirea
902 3545 1024 3594 bonoram
1045 3543 1210 3610 adaptionem,
1237 3547 1430 3607 inormnentam,
1456 3557 1557 3593 eonsen-

383 3613 519 3674 oattomm,
537 3627 621 3676 asain,
639 3619 684 3663 ont
701 3613 825 3662 maiorum
844 3615 1015 3673 evitationem,
1032 3613 1211 3677 liberationem,
1227 3615 1432 3676 inminationem,
1449 3611 1559 3662 interan-

385 3681 456 3728 tiam.
494 3681 597 3743 plurimi
625 3682 765 3743 rhetorum,
792 3682 834 3743 qui
859 3681 1012 3731 divisionem
1035 3682 1081 3730 τοῦ
1107 3682 1296 3748 συμφέροντος
1321 3689 1448 3732 tractum:
1475 3681 1557 3730 Auux.

385 3747 416 3810 Sp
428 3745 438 3795 I
454 3748 500 3797 l'i5
513 3764 547 3812 m,
566 3749 673 3799 Aristii.
687 3751 720 3814 Sp
732 3747 753 3798 II
767 3749 815 3799 503
829 3766 854 3801 νε
867 3750 912 3809 (--
924 3748 1027 3816 Syriuni
1039 3748 1123 3799 Schoi.
1137 3750 1167 3800 de
1179 3750 1244 3800 Stat.
1259 3751 1294 3801 W
1306 3749 1338 3800 IV
1353 3752 1410 3810 701,
1423 3749 1466 3798 nbi
1480 3750 1558 3799 verbs

385 3815 494 3864 Aristid.
513 3814 581 3882 Spll
599 3817 648 3866 503
661 3817 764 3870 22-504
777 3832 802 3869 s1
822 3818 952 3883 exscripti
970 3825 1037 3866 suut.
1074 3818 1161 3868 verbis
1181 3819 1260 3880 igitur
1280 3819 1313 3868 W
1325 3817 1359 3871 IV
1373 3818 1421 3868 702
1436 3833 1449 3869 e
1467 3817 1557 3867 laeuus

384 3883 418 3949 Sp
434 3881 456 3932 II
475 3884 562 3936 50419
581 3886 719 3950 expletur),
748 3886 864 3949 Heumng.
883 3888 913 3935 de
931 3885 996 3936 Sisi
1016 3886 1049 3952 Sp
1066 3884 1088 3935 II
1108 3887 1156 3936 164
1168 3903 1202 3946 eo,
1230 3889 1354 3954 syrianus
1368 3887 1401 3936 W
1414 3885 1449 3936 IV
1462 3885 1510 3934 *13⁸
1523 3900 1557 3946 us,

385 3952 537 4016 SopaterW
557 3951 689 4015 lviiii,
717 3961 836 4019 quattuor
861 3961 936 4020 topos
963 3954 1011 4003 τοῦ
1038 3955 1228 4021 συμφέροντος
1254 3962 1409 4016 enumerant,
1436 3952 1559 4003 bonorum

385 4020 554 4084 adeptionem,
583 4023 811 4076 conservationem.
840 4024 960 4072 mulorum
985 4023 1159 4088 evitationem,
1183 4023 1368 4082 liberationem,
1391 4037 1452 4087 quas
1470 4020 1558 4085 Quint.

387 4089 506 4139 uominnt.
523 4091 647 4156 Anonym.
660 4090 745 4140 Schnl.
759 4090 789 4140 de
802 4089 866 4140 Stet.
882 4090 914 4139 W
929 4089 972 4141 VII
985 4091 1034 4140 602
1047 4107 1073 4143 so
1085 4093 1161 4141 etium
1175 4092 1324 4143 inerementi
1337 4098 1363 4142 oi
1375 4089 1558 4141 imminutionis

385 4158 538 4207 mentionem
562 4156 632 4209 inuit.
669 4157 700 4208 et.
720 4160 750 4209 de
773 4159 949 4210 imminutione
974 4156 1104 4208 etGeom.
1123 4159 1194 4210 WII
1213 4160 1308 4212 32922.
1343 4158 1461 4223 κτῆσις
1480 4159 1558 4207 Anax.

385 4225 439 4275 τῶν
460 4222 499 4292 μὴ
522 4223 682 4290 προσόντων
703 4223 839 4294 (ἀγαθῶν)
860 4229 960 4289 κτῆσις.
995 4223 1131 4295 τήρησις
1149 4229 1258 4278 iii-istiu,
1275 4223 1384 4298 τήρησις
1405 4213 1445 4276 ὦν
1461 4225 1561 4293 ἔχομεν

385 4287 507 4358 ἀγαθῶν.
543 4293 694 4351 ἔκκλισις
716 4297 811 4346 dieitur
833 4295 864 4344 sb
883 4299 964 4346 Anax.
984 4294 1038 4347 τῶν
1059 4295 1297 4364 προσδοκωμένων
1312 4287 1481 4363 γενήσεσθαι
1497 4295 1560 4358 βλα-

386 4360 472 4430 βερῶν
490 4357 659 4426 διακιόλυσις,
677 4365 707 4413 ub
721 4362 830 4415 Aristid.
848 4359 964 4419 κόλασις
982 4365 1140 4430 (corruptum
1160 4366 1184 4415 in
1202 4356 1344 4422 κατάλυσις
1355 4362 1391 4417 W
1404 4361 1448 4416 VII
1461 4362 1507 4413 *101
1522 4365 1559 4426 ιε)

389 4432 446 4482 ταῖν
463 4430 670 4501 ἐπιφερομένων
686 4432 783 4484 κακῶν.
