3590 5262
689 424 947 489 —XLV—

241 611 299 662 tur.
344 602 372 662 in
395 599 509 663 Neoclis
531 601 637 672 verbis,
661 621 734 682 quae
756 603 885 683 primum
910 603 1007 665 locum
1031 603 1172 676 obtinent,
1195 603 1402 664 offendendum

240 713 294 766 est.
343 705 463 767 Neocles
494 713 523 766 et
550 724 652 767 omnes
675 707 807 768 rhetores
837 707 945 768 laudati
967 707 1088 768 eandem
1112 704 1308 767 narrationem
1332 706 1404 768 defi-

240 807 335 882 niunt,
362 826 435 889 quae
467 808 592 870 secunda
616 808 755 870 orationis
778 809 869 871 civilis
892 827 959 889 pars
981 818 1036 882 est,
1065 808 1114 869 sed
1138 826 1205 869 cum
1229 807 1317 870 ceteri
1340 827 1403 870 eam

240 911 366 992 simplici
387 911 506 974 nomine
528 907 708 994 διηγήσεως
730 912 902 991 significent,
925 912 1039 974 Neoclis
1066 912 1115 972 fini
1132 912 1202 973 haec
1217 911 1302 973 verba
1318 930 1405 992 prae·

242 1015 399 1077 mittuntur
421 1013 489 1078 ἔστι
513 1014 550 1078 δὲ
571 1011 591 1098 ἡ
614 1011 765 1098 διήγησις
788 1014 871 1078 κατὰ
894 1013 991 1100 (μὲν)
1019 1013 1161 1077 Νεοκλέα
1182 1008 1201 1096 ἡ
1225 1010 1376 1096 δικανική
1384 1015 1404 1076 ².

240 1118 324 1180 cuius
356 1119 400 1181 rei
432 1119 510 1181 nulla
542 1118 596 1180 alia
629 1138 716 1180 causa
737 1119 862 1181 inveniri
890 1129 988 1200 potest
1010 1119 1066 1180 nisi
1088 1118 1166 1198 quod
1188 1117 1308 1180 Neocles
1330 1119 1404 1179 hanc

240 1222 436 1284 narrationem
462 1231 494 1284 ut
515 1222 641 1303 speciem
665 1222 840 1284 narrationis
862 1222 910 1283 alii
925 1221 1031 1303 speciei
1045 1231 1096 1284 aut
1111 1221 1211 1300 generi
1225 1221 1403 1302 opposuerit.

239 1323 336 1404 itaque
358 1325 441 1386 illum
465 1325 639 1386 narrationis
662 1326 760 1397 finem,
791 1345 878 1405 quem
907 1335 936 1387 et
958 1326 1006 1387 HS
1036 1335 1065 1387 et
1086 1324 1221 1386 Nicolaus
1243 1343 1259 1384 e
1282 1323 1405 1385 Cornuti

238 1426 309 1489 Arte
331 1427 550 1507 descripserunt
572 1429 607 1488 W
623 1429 673 1489 Vll
687 1428 749 1491 729
765 1461 800 1503 aa,
824 1430 864 1508 Sp
879 1430 920 1490 lll
934 1430 995 1491 450
1011 1461 1037 1498 24
1052 1455 1094 1482 =
1108 1429 1145 1488 W
1159 1428 1186 1488 ll
1202 1429 1238 1496 7⁶
1253 1425 1404 1510 διήγησίς

239 1529 329 1593 ἐστιν
357 1528 490 1604 ἔνδοσις
517 1529 718 1613 πραγμάτων
743 1529 925 1608 γεγονότων
953 1529 973 1613 ἢ
997 1529 1039 1605 (ὃς
1060 1528 1242 1610 γεγονότων
1263 1551 1279 1592 a
1300 1531 1405 1593 Neocle

237 1636 401 1698 adhibitum
425 1656 489 1698 esse
511 1636 685 1708 oredimusl,
708 1636 879 1716 praesertim
903 1655 969 1697 cum
994 1644 1060 1697 ante
1083 1635 1196 1696 Neoclis
1221 1635 1306 1696 rerha
1327 1638 1346 1710 ξ
1364 1637 1403 1696 47

239 1741 435 1803 narrationem
460 1742 536 1803 solas
558 1741 728 1821 praeteritas
752 1759 799 1800 res
821 1759 965 1821 exponere
988 1740 1094 1801 dictam
1115 1757 1179 1801 esse
1195 1739 1403 1800 desideremus.

239 1844 275 1905 ah
305 1846 359 1906 hac
385 1844 511 1924 generali
539 1843 705 1905 narratione
726 1842 847 1904 Neocles
874 1843 1028 1923 specialem
1055 1842 1085 1902 in
1112 1841 1292 1903 orationihus
1315 1860 1404 1903 usur-

239 1947 374 2026 pandam,
397 1967 485 2027 quam
509 1947 672 2009 iudicialem
696 1946 861 2028 appellaret,
884 1946 1051 2008 distinxisse
1070 1946 1218 2025 putandus
1237 1944 1309 2007 esst
1354 1964 1404 2024 ge·

239 2049 330 2110 nuina
351 2050 438 2112 verba
460 2049 575 2111 Neoclis
597 2049 714 2111 restitui
735 2067 821 2128 posse
845 2049 1043 2128 desperamus.

324 2152 419 2214 Simili
446 2154 558 2214 ratione
589 2163 676 2232 atque
698 2152 818 2214 Neocles
844 2162 946 2213 auctor
974 2152 1128 2212 verborum
1151 2150 1225 2226 §52
1256 2169 1327 2210 usus
1349 2158 1402 2223 est,

239 2255 289 2336 qui
317 2256 387 2318 item
411 2257 575 2336 generalem
597 2266 627 2318 et
649 2257 802 2336 specialem
825 2256 1021 2317 narrationem
1045 2274 1108 2316 esse
1132 2254 1267 2334 sumpsit,
1295 2255 1345 2315 sed
1368 2271 1402 2314 eo

239 2378 254 2421 a
287 2358 391 2421 Neocle
425 2361 572 2433 dissensit,
605 2362 682 2439 quod
715 2361 763 2421 illa
796 2362 976 2438 praeteritas,
1010 2359 1161 2429 instantes,
1195 2361 1318 2431 suturas,
1350 2359 1404 2418 hac

237 2463 409 2543 praeteritas
431 2473 461 2526 et
482 2464 626 2525 instantes
646 2482 692 2524 res
708 2463 812 2543 exponi
828 2461 909 2524 dixit.
946 2471 977 2522 et
991 2461 1020 2521 in
1037 2462 1112 2522 hauc
1127 2460 1274 2541 Epitomes
1290 2467 1402 2540 partem

238 2575 267 2628 et
299 2566 329 2627 in
358 2566 520 2647 proximam
551 2570 600 2643 (ἐξ
622 2566 770 2640 53-62),
801 2585 857 2645 qua
884 2566 1013 2627 diversae
1036 2564 1211 2626 narrationis
1233 2563 1264 2624 in
1292 2561 1403 2642 species

237 2669 394 2732 divisiones
427 2671 625 2744 continentur,
658 2669 694 2730 ah
725 2669 915 2750 epitomatore
943 2667 1064 2728 Cornuti
1090 2666 1177 2727 verba
1203 2669 1264 2726 lere
1292 2665 1403 2744 integra

239 2773 427 2854 transscripta
450 2775 501 2835 sed
523 2793 538 2834 a
562 2773 665 2836 scribis
688 2773 802 2854 saepius
825 2780 962 2852 corrupta
986 2790 1049 2832 esse
1071 2771 1216 2831 ridentur.

321 2874 457 2937 Nicotaus
489 2876 663 2938 narrationis
698 2873 792 2955 ἔργου
819 2875 1019 2937 definitionem
1047 2894 1063 2934 a
1090 2872 1220 2934 Cornuto
1247 2871 1401 2952 repetitam

237 2977 353 3039 exhibet
373 2978 640 3059 sp1114502,=
653 2978 727 3039 Wll
744 2980 762 3039 7
777 3011 799 3051 0,
820 2977 879 3038 123
892 3007 917 3048 ιγ
940 2974 1034 3060 ἔργον
1056 2974 1093 3037 δὲ
1115 2971 1213 3058 αὐτῆς
1235 2974 1290 3036 καὶ
1312 2969 1403 3044 τέλος

237 3079 274 3142 τὸ
297 3077 485 3160 παράδοσιν
500 3081 555 3142 καὶ
571 3079 716 3164 δήλωσιν
732 3081 873 3163 ποιῆσαι
889 3081 933 3163 τῷ
950 3075 1092 3166 ἀκροατῇ
1107 3078 1165 3141 τοῦ
1181 3074 1401 3161 ττροίγματος1.

237 3192 267 3244 et
288 3183 359 3244 haee
380 3185 510 3246 defiuifio
532 3195 562 3247 et
584 3187 607 3247 si
629 3205 703 3265 quae
725 3185 796 3246 aliae
819 3184 948 3246 eiusdem
972 3183 1015 3244 rei
1035 3182 1220 3245 definitiones
1241 3180 1402 3255 aCornuto

305 3420 315 3452 ¹
333 3420 464 3487 Finclrhio,
482 3423 523 3488 qui
542 3423 677 3473 lectionem
696 3421 824 3472 codicisP
843 3418 858 3486 ἡ
878 3422 902 3470 in
921 3421 1122 3471 coniunctionem
1137 3413 1152 3483 ἢ
1166 3420 1297 3480 corrigere
1311 3417 1402 3481 voluit,

237 3504 285 3538 non
308 3492 496 3540 assentiendum
519 3498 567 3541 est.
605 3506 660 3542 nam
684 3497 743 3540 ante
765 3489 951 3540 substantivum
973 3479 1101 3556 διήγησις,
1124 3488 1148 3539 si
1170 3483 1186 3552 ἡ
1210 3481 1331 3554 διήγησις
1354 3501 1402 3535 uon

237 3574 293 3608 cum
317 3558 444 3608 adiectivo
465 3553 481 3622 ἡ
506 3552 628 3621 δικανική
651 3559 850 3621 coniungendum
874 3566 952 3621 esset,
975 3558 1101 3608 articulus
1118 3552 1134 3621 ἡ
1154 3557 1264 3618 deesset,
1287 3555 1402 3620 quoniam

236 3627 359 3677 vocabula
386 3626 525 3678 definienda
552 3628 661 3678 articulo
689 3641 777 3677 carere
804 3628 895 3677 solent.
931 3642 1011 3691 neque
1038 3627 1108 3691 prius
1134 3618 1150 3689 ἢ
1175 3625 1204 3674 ad
1229 3625 1295 3673 hune
1319 3623 1402 3673 locum

236 3696 360 3761 quadrare
374 3695 454 3746 simili
466 3695 596 3762 llpitomes
609 3697 664 3746 loco
678 3695 848 3746 confirmatur.
878 3695 899 3744 ll
911 3694 928 3761 ξ
941 3695 991 3745 ²10
1005 3696 1077 3756 enim,
1090 3693 1133 3743 uhi
1146 3695 1176 3742 de
1189 3691 1402 3757 recapitulatione

236 3766 320 3829 agitur
347 3778 424 3828 eaque
451 3765 548 3815 duobus
574 3765 654 3815 modis
677 3763 804 3826 definitur,
827 3765 936 3814 alterum
963 3763 1099 3813 membrum
1126 3761 1279 3811 definitionis
1307 3760 1402 3810 eisdem

236 3832 322 3883 verhie
343 3828 359 3895 ἢ
381 3827 414 3895 νὴ
432 3834 496 3894 Δία,
515 3848 576 3899 quae
595 3834 663 3886 1111
682 3833 809 3896 leguntur,
832 3833 966 3882 inchoatur
988 3846 1067 3896 neque
1090 3836 1173 3880 autem
1191 3829 1273 3895 priori
1290 3827 1401 3878 membro

236 3901 381 3952 coniunctio
398 3896 416 3963 ἢ
434 3901 545 3967 praefixa
565 3909 611 3952 est.

302 3969 441 4019 ¹Eandem
464 3971 636 4021 definitionem
659 3968 710 4019 Cic.
730 3969 760 4019 de
778 3967 833 4018 lev.
850 3967 859 4017 l
877 3966 894 4033 ξ
909 3968 942 4019 27
966 3967 1069 4017 exhibet
1091 3973 1149 4016 ante
1172 3980 1200 4015 ea
1225 3963 1316 4026 verba,
1338 3977 1400 4029 quae

235 4038 261 4088 in
289 4039 492 4089 commentarium
519 4040 549 4089 ad
572 4037 605 4104 §§
624 4039 665 4102 54,
690 4038 721 4088 55
744 4038 974 4154 transscripsimus.
1010 4035 1259 4101 Progymnasmatum
1283 4039 1401 4082 auctores

235 4121 332 4186 paeone
358 4107 405 4156 hac
427 4107 575 4158 definitione
599 4113 705 4156 utuntur
727 4105 795 4157 Theo
814 4103 868 4171 Spl
899 4105 978 4168 781⁵,
1001 4103 1116 4165 hermog.
1135 4102 1169 4152 it.
1187 4103 1251 4163 412,
1276 4101 1401 4166 Aphthon.

235 4175 269 4224 lb·
289 4175 409 4295 21241444
428 4243 461 4310 ἐξ
476 4245 536 4307 149,
563 4246 618 4307 150,
641 4242 684 4293 uhi
701 4241 810 4293 Neocles
828 4237 857 4292 τὸ
875 4243 972 4310 κυρίως
990 4234 1070 4302 εἰκὸς,
1087 4234 1117 4288 τὸ
1135 4232 1202 4318 κατὰ
1221 4232 1271 4302 τὴν
1288 4232 1358 4310 πρός
1375 4253 1401 4314 τι

236 4312 339 4391 σχέσιν,
360 4314 426 4378 quod
448 4313 593 4364 rhetoribus
617 4326 678 4378 opus
701 4317 749 4375 est,
771 4318 797 4361 et
820 4310 846 4361 id
869 4308 999 4370 discernit,
1022 4309 1087 4373 qnod
1109 4321 1263 4377 κοινοτερον
1279 4305 1311 4355 τὸ
1330 4305 1401 4361 οἰκος

237 4389 387 4432 nominatur.

303 4447 313 4480 ⁴
332 4449 416 4501 Verba
433 4451 478 4500 καὶ
495 4450 567 4506 τέλος
586 4448 746 4513 senonicae
765 4445 798 4497 W
811 4445 833 4495 ll
852 4445 899 4496 123
912 4462 938 4501 xe
957 4446 1054 4495 desunt.
