3590 5262
870 369 1074 434 -χ,-

383 569 449 611 cum
481 548 503 609 P
534 567 708 611 communes
735 557 814 623 sunt,
844 548 952 628 quibus
974 547 1021 610 TS
1043 557 1134 611 vacat.
1178 553 1214 611 cl.
1237 569 1305 629 eg.
1328 549 1351 610 Ε
1375 552 1441 621 17,
1462 551 1553 631 parti·
1667 597 1670 603 -

382 652 492 734 cipium
515 651 762 730 γιγνώσκοντες,
790 653 869 732 quod
899 652 1005 714 falsum
1034 671 1097 716 esse
1120 653 1396 715 demonstravimus.
1440 654 1464 714 Ε
1489 654 1554 724 188

382 766 411 818 et
438 755 478 817 Α]
505 766 534 817 et
560 756 583 816 P
616 755 788 836 particulam
818 751 869 833 ἂν,
903 774 990 835 quam
1024 754 1070 819 TS
1104 757 1184 818 solus
1218 756 1345 830 tradidit,
1379 757 1553 820 omiserunt.
1643 787 1645 792 ·

381 859 445 921 aliis
467 870 565 922 autem
588 859 660 921 locis
675 859 716 920 Α]
739 878 795 921 una
811 878 878 921 cum
896 859 942 920 TS
965 859 1122 939 genuinam
1144 859 1300 921 lectionem
1322 865 1377 939 pro
1400 859 1554 940 depravata

381 963 490 1026 codicis
512 963 535 1024 P
558 971 757 1036 servaverunt,
786 971 820 1025 ut
841 963 865 1023 Ε
889 964 956 1034 172
978 958 1281 1046 pscoxecoroo‘psdo
1308 966 1357 1038 (cl.
1380 963 1446 1024 adn.
1463 964 1513 1024 Vll
1526 963 1552 1042 a)

383 1074 412 1128 et
434 1065 457 1126 Ε
482 1066 548 1135 191
571 1064 626 1127 καὶ
650 1065 686 1129 cd
711 1065 789 1148 περὶ
811 1061 922 1130 αὑτοῦ.
966 1066 1012 1127 his
1034 1065 1174 1147 exemplis
1197 1065 1267 1127 eatis
1290 1066 1385 1128 elucet
1403 1067 1553 1148 Epitomes

382 1170 522 1244 codicem,
550 1188 637 1249 quem
661 1169 702 1230 Α]
724 1181 791 1232 ante
813 1170 914 1231 oculos
936 1169 1111 1241 habuerunt,
1140 1168 1288 1231 meliorem
1313 1187 1399 1248 quam
1425 1171 1552 1234 codicem

381 1273 404 1334 P
427 1274 527 1335 fnisse.
572 1291 751 1352 quamquam
773 1271 864 1353 igitur
884 1272 915 1334 in
930 1272 1080 1353 Epitomes
1099 1280 1243 1353 excerpta,
1266 1290 1340 1351 quae
1354 1272 1395 1334 Α]
1410 1278 1552 1346 feceruut,

382 1377 546 1457 permultae
569 1375 750 1456 corruptelae
771 1376 963 1457 irrepserunt,
986 1385 1084 1438 tamen
1108 1376 1150 1438 eis
1173 1376 1251 1439 haud
1273 1370 1381 1457 paucae
1403 1377 1511 1439 codicis
1530 1377 1553 1438 P

382 1478 564 1559 corruptelae
587 1486 738 1540 sanantur.

466 1583 586 1644 Praeter
608 1581 662 1644 tria
686 1601 790 1662 magna
813 1581 963 1663 llpitomes
986 1591 1129 1664 excerpta,
1151 1602 1227 1663 quae
1246 1582 1409 1665 lloropater
1430 1603 1445 1645 e
1467 1591 1553 1645 retu-

382 1686 506 1748 stiorum
537 1687 734 1766 Interpretum
764 1685 882 1747 scholiis
910 1685 1054 1765 exscripta
1083 1705 1147 1747 esse
1176 1688 1321 1768 expressis
1351 1687 1446 1748 verbis
1473 1686 1552 1760 dicit,

382 1789 460 1851 aliud
493 1789 642 1870 Epitomes
677 1796 847 1869 excerptum
881 1788 1038 1869 lloxopatri
1065 1789 1200 1851 Homiliis
1227 1789 1263 1851 W
1278 1790 1305 1851 ll
1329 1789 1389 1853 198
1402 1821 1454 1861 4-9
1480 1809 1552 1852 con-

382 1893 493 1954 tinetur
504 1893 523 1952 1.
568 1892 615 1954 cui
642 1911 709 1954 cum
733 1892 898 1973 lloxopater
920 1893 1006 1955 rerba
1031 1891 1118 1967 τινὲς
1145 1890 1183 1955 δὲ
1204 1891 1261 1954 καὶ
1281 1892 1377 1956 τοῦτο
1400 1892 1554 1972 λέγουσιν

382 1995 558 2077 praemittat,
582 1996 757 2076 pronomine
778 1995 865 2069 τινὲς
886 1996 934 2058 hio
952 1996 993 2057 Α]
1016 1997 1172 2077 significari
1194 1996 1279 2058 nobis
1301 2015 1474 2077 persuasum
1498 2005 1552 2059 est.

468 2101 570 2161 Restat
598 2106 630 2160 ut
659 2119 717 2178 qua
739 2106 832 2161 aetate
853 2098 894 2159 Α]
917 2107 946 2161 et
967 2100 1013 2162 TS
1036 2100 1193 2181 Epitomen
1216 2101 1436 2181 compilaverint
1465 2117 1555 2181 quae·

382 2223 492 2265 ramus.
538 2222 574 2264 ex
595 2221 639 2277 eo,
668 2203 745 2283 quod
767 2202 940 2283 lloxopater,
969 2223 1057 2283 quem
1081 2204 1242 2266 Bursiauus
1265 2205 1363 2284 priore
1384 2212 1466 2284 parte
1489 2209 1553 2266 sae-

382 2307 439 2370 ouli
466 2306 506 2369 lll
540 2306 647 2368 vixisse
677 2305 896 2368 evidentissima
929 2306 1095 2369 coniectura
1129 2307 1266 2382 statuit²‚
1305 2308 1346 2368 dl
1379 2308 1553 2371 vetustiores

381 2413 561 2492 lnterpretes
596 2410 749 2472 nominare
782 2418 813 2471 et
844 2418 911 2472 ante
941 2411 1126 2473 Geometrarn
1154 2430 1265 2492 ponere
1294 2412 1378 2486 solet,
1411 2412 1452 2472 Al
1473 2413 1553 2474 huno

382 2515 543 2586 hominem,
571 2514 621 2594 qui
651 2513 806 2594 posteriori
834 2513 956 2575 dimidio
981 2512 1089 2575 saeculi
1111 2513 1137 2574 X
1159 2514 1355 2593 adsignandus
1378 2522 1432 2589 est,
1459 2523 1552 2577 aetate

382 2619 575 2700 praecessisse
590 2617 800 2679 concludimus.
839 2617 878 2678 dl
894 2626 992 2679 autem
1008 2616 1137 2678 Theonis
1154 2617 1324 2691 Scholiasta,
1344 2617 1428 2680 cuius
1444 2618 1552 2680 scholia

382 2723 412 2783 in
440 2720 575 2783 manibus
601 2720 740 2782 tenebant
766 2720 815 2799 (ol.
838 2721 904 2782 adn.
920 2721 1007 2794 lxo,
1036 2719 1190 2783 inferiores
1216 2730 1287 2784 sunt
1313 2731 1342 2783 et
1368 2721 1550 2801 aliquantum

383 2825 510 2907 spatium
542 2825 683 2905 temporis
709 2823 872 2886 interillos
896 2834 925 2886 et
947 2824 1074 2886 Theonis
1098 2825 1290 2887 Scholiastam
1314 2826 1483 2888 interfuisse
1510 2825 1551 2890 si-

384 2928 540 2990 millimum
561 2937 606 2990 est
621 2929 690 3002 reri,
713 2947 779 2990 cum
796 2927 925 2989 Theonis
942 2928 1103 2990 Scholiasta
1118 2927 1273 3010 Epitomen
1293 2930 1386 2991 multo
1402 2929 1551 3010 puriorem

381 3041 410 3094 et
442 3031 629 3111 integriorem
663 3050 751 3111 quam
778 3031 818 3092 nl
851 3031 961 3111 legerit.
1006 3032 1207 3113 compluribus
1240 3051 1309 3112 ergo
1336 3033 1459 3095 saeculis
1484 3041 1552 3094 ante

382 3155 492 3198 annum
516 3135 705 3197 millesimum
727 3135 863 3214 Epitome
886 3139 1016 3198 conlecta
1039 3155 1103 3198 esse
1128 3135 1249 3198 videtur.

629 3376 882 3456 santonus
917 3377 1026 3456 lPSA
1062 3379 1182 3456 ARTE
1217 3377 1294 3456 USI

433 3554 455 3613 l.
491 3553 692 3615 Scholiasta
726 3551 960 3631 Hermogenis
992 3553 1032 3614 de
1065 3552 1273 3614 inventione
1305 3552 1493 3614 librorum.

466 3693 611 3764 Quattuor
638 3691 726 3753 huius
752 3691 849 3772 operis
873 3689 1097 3772 Hermogeniani
1120 3691 1323 3754 commentarii
1345 3692 1442 3754 adhuc
1463 3691 1550 3753 inno-

382 3803 516 3856 luerunt:

383 3900 410 3960 1.
434 3898 669 3961 Commentarius
698 3898 729 3959 iu
752 3898 853 3960 Walzii
881 3907 962 3959 tomo
985 3898 1035 3959 Vll
1064 3897 1169 3972 editus,
1199 3899 1250 3977 qui
1276 3919 1291 3960 e
1315 3892 1449 3970 S'choliis,
1476 3917 1550 3977 quae

433 4003 652 4082 Prolegomenis
675 4002 820 4077 carebant,
855 4012 884 4064 et
912 4002 1005 4064 tribus
1032 4003 1153 4064 dirersis
1181 4001 1399 4082 Prolegomenis
1425 4009 1549 4064 constat.

449 4195 458 4228 ¹
478 4195 544 4245 llaec
566 4196 654 4258 verba,
676 4210 738 4261 quae
761 4196 817 4262 ipsa
837 4196 870 4246 W
888 4193 910 4245 ll
935 4195 965 4246 13
978 4210 1029 4249 a-5
1053 4204 1173 4262 excerpta
1195 4202 1263 4258 sunt,
1287 4210 1316 4244 ex
1334 4193 1355 4244 Ε
1373 4193 1432 4260 §47
1452 4203 1550 4260 sumpta

382 4280 438 4315 csse
460 4263 597 4313 Finclrhius
623 4265 672 4314 iam
694 4263 762 4314 vidit
788 4270 814 4314 et
840 4279 870 4314 ea
897 4266 927 4316 ad
954 4266 1068 4314 lacunam
1094 4265 1190 4316 codicis
1213 4264 1232 4314 P
1257 4263 1404 4329 explendam
1426 4263 1549 4313 adhibuit.

381 4331 414 4383 el.
433 4333 488 4383 eius
507 4331 670 4394 Progranma
687 4333 705 4382 l.
725 4349 748 4398 p.
762 4335 784 4382 7.

450 4400 460 4433 ²
479 4401 504 4450 ln
523 4400 654 4452 Menandri
674 4401 786 4452 editione
803 4401 819 4451 l.
839 4417 861 4466 p.
878 4401 916 4450 13.
